1655 2789
4 272 14 454 Wwaam-
5 230 11 263 <2-
6 195 12 200 ‹

0 1256 1 1265 ⁴
0 1140 8 1216 —x

766 242 960 272 ,69-

221 341 301 377 Iam
337 340 550 384 videamus,
588 339 779 384 quomodo
815 340 912 375 haec
948 340 1128 384 exempla
1164 341 1393 384 explicanda
1418 340 1505 376 sint.

221 398 307 433 Non
333 406 427 432 casu
454 396 594 438 evenit,
621 401 663 431 ut
689 396 841 439 plurimi
860 396 1048 431 eiusmodi
1065 396 1165 430 tituli
1182 396 1218 430 in
1239 396 1378 431 Latina
1396 401 1506 440 parte

220 453 369 497 imperii
407 452 664 488 inveniantur.
716 451 813 487 Sunt
852 452 954 486 enim
992 461 1127 486 omnes
1165 452 1246 486 fere
1284 462 1308 486 a
1344 451 1506 487 Graecis

216 507 429 552 conscripti
454 507 577 551 iisque
604 506 802 551 imprimis,
840 507 904 551 qui
930 507 1051 542 vitam
1078 507 1265 551 degentes
1298 507 1338 541 in
1362 506 1506 542 finibus

220 564 367 600 Latinis
393 564 590 599 titulorum
617 563 740 598 forma
766 563 985 607 exprimunt
1010 563 1187 598 homines
1213 574 1256 599 se
1275 573 1361 598 esse
1380 563 1506 598 alieni-

220 631 354 665 genas.
381 620 547 655 Exstant
574 619 689 654 etiam
715 620 888 654 nonnulli
913 619 1013 654 tituli
1038 619 1153 654 huius
1179 620 1323 654 insoliti
1350 619 1505 663 ordinis,

220 677 285 721 qui
324 676 362 711 in
400 675 543 711 finibus
583 675 745 710 Graecis
784 675 928 719 reperti
967 680 1068 710 sunt.
1120 674 1250 719 Atque
1289 684 1377 709 cum
1415 675 1507 709 talia

219 736 467 767 monumenta
493 732 531 765 in
558 731 783 766 universum
822 742 845 765 a
877 730 1061 765 Romanis
1086 731 1214 774 posita
1241 731 1329 771 sint,
1368 731 1507 765 mirum

215 798 307 823 esse
325 788 496 822 .videtur
523 787 698 822 Graecae
722 787 880 831 ‘linguae
906 787 945 821 in
981 787 1028 821 iis
1064 787 1229 830 primum
1266 787 1392 821 locum
1420 796 1506 821 con-

219 854 373 879 cessum
399 853 497 887 esse.
551 843 626 878 Sed
653 844 777 887 potuit
803 843 900 886 fieri,
928 848 970 877 ut
995 843 1109 877 homo
1137 842 1335 877 Romanus
1353 842 1506 878 Graeco

219 900 385 935 sermoni
413 900 643 944 quibusdam
680 900 728 933 de
764 900 893 934 causis
920 899 1086 944 propriis
1112 900 1239 934 locum
1266 899 1506 943 superiorem

218 956 416 991 tribueret.
442 955 562 990 Velut
580 955 629 991 M.
648 955 808 990 Porcius
827 955 924 989 Cato
943 954 1035 990 CIL.
1052 954 1103 989 III
1121 955 1238 990 14203
1246 960 1270 982 ¹⁷
1284 961 1326 990 ut
1344 955 1506 999 bilingui

218 1011 328 1047 titulo
345 1011 554 1046 honoraret
573 1011 766 1056 quendam
783 1016 1002 1056 praetorem
1018 1011 1200 1054 Atticum,
1228 1011 1267 1046 in
1286 1011 1369 1046 eius
1387 1012 1504 1046 hono-

216 1078 300 1103 rem
327 1068 475 1102 Latinis
502 1068 655 1102 Graeca
681 1068 954 1112 praeposuisse
981 1067 1145 1103 videtur.
1198 1067 1348 1112 Reliqui
1375 1073 1503 1102 autem

218 1124 256 1157 in
283 1123 445 1158 Graecis
482 1124 705 1167 regionibus
741 1123 885 1167 reperti
921 1128 1037 1167 atque
1063 1124 1170 1157 illum
1196 1124 1370 1157 ordinem
1395 1132 1503 1167 prae·

218 1181 354 1215 bentes
380 1190 457 1214 non
483 1180 643 1224 originis
671 1184 761 1215 sunt
786 1189 892 1215 mere
905 1179 1115 1224 Romanae,
1142 1180 1212 1215 sed
1226 1180 1502 1225 semigraecae,

218 1237 256 1271 id
282 1242 342 1271 est
368 1238 416 1271 ab
444 1237 661 1272 hominibus
687 1237 801 1280 positi
828 1236 990 1271 Graecis
1016 1236 1173 1271 civitate
1189 1236 1363 1270 Romana
1389 1237 1502 1270 dona-

217 1293 266 1327 tis
293 1293 356 1326 vel
382 1302 488 1327 mere
515 1292 677 1327 Graecis
705 1292 927 1327 muneribus
953 1292 1118 1337 publicis
1151 1292 1292 1328 functis
1318 1292 1502 1327 Romanis

218 1349 281 1384 vel
306 1349 528 1384 aRomanis
555 1359 630 1384 una
658 1359 745 1384 cum
759 1349 922 1385 Graecis
940 1350 1160 1393 conscripti.
1188 1349 1354 1384 Maxime
1373 1354 1501 1384 autern

217 1405 370 1439 insolita
384 1405 537 1439 videtur
551 1415 637 1439 esse
652 1405 863 1439 editoribus
878 1405 1079 1439 collocatio
1093 1405 1313 1449 linguarum
1339 1405 1378 1439 in
1392 1404 1502 1439 titulo

218 1460 310 1499 CIL.
339 1460 389 1495 III
420 1460 536 1495 12224
562 1460 730 1496 Nicaeae
756 1467 921 1505 reperto,
949 1461 1015 1505 qui
1041 1460 1097 1496 sic
1123 1460 1284 1505 legitur:

721 1608 787 1649 δομ
803 1548 994 1652 belgim?

768 1662 950 1707 λεγιῶν[ος

726 1716 760 1763 ]ς
786 1718 897 1761 ῑήσας
924 1716 996 1764 [ἔτη

597 1772 774 1821 Bla]esus
800 1774 926 1819 d[omo
952 1773 1120 1807 Nicaea?

216 1856 288 1891 Cui
313 1857 423 1892 titulo
450 1857 573 1892 editor
599 1857 806 1892 subscribit
832 1857 946 1893 haec:
972 1856 1159 1892 ‘Offendit
1185 1858 1223 1892 in
1249 1858 1367 1892 milite
1385 1859 1500 1902 legio-

215 1914 323 1947 nario
351 1913 526 1948 Graecus
552 1914 616 1948 vel
643 1918 748 1948 certe
775 1914 1038 1957 semigraecus
1071 1913 1204 1948 titulus
1230 1913 1367 1948 Latino
1393 1923 1487 1957 prae

215 1968 389 2012 positus',
425 1969 465 2003 id
501 1969 604 2013 quod
640 1973 768 2003 statuo
793 1968 949 2003 minime
983 1978 1071 2004 esse
1096 1969 1246 2006 mirum.
1297 1969 1371 2003 Hic
1397 1969 1498 2004 enim

215 2023 327 2059 homo
355 2030 460 2060 certe
487 2025 663 2060 Graecus
690 2029 760 2069 est,
800 2025 839 2060 id
865 2024 967 2070 quod
994 2026 1057 2059 vel
1082 2025 1171 2060 inde
1197 2031 1369 2069 apparet,
1397 2026 1499 2070 quod

215 2080 403 2123 originem
429 2082 547 2116 habet
573 2075 770 2116 Nicenam.
812 2081 883 2116 Cui
909 2081 1123 2118 sententiae
1150 2082 1306 2116 obstare
1332 2082 1497 2125 videtur,

215 2136 317 2178 quod
355 2137 399 2180 is,
440 2137 549 2171 cuius
587 2137 722 2172 titulus
760 2143 831 2180 est,
870 2136 980 2171 miles
1020 2141 1079 2171 est
1117 2137 1366 2181 legionarius.
1419 2138 1496 2172 Sed

215 2192 436 2228 consideres
463 2193 580 2228 velim
607 2203 656 2228 ex
682 2194 804 2228 altero
830 2202 867 2237 p.
894 2192 984 2229 Chr.
1011 2203 1047 2230 n.
1076 2194 1233 2229 saeculo
1270 2204 1346 2229 non
1374 2196 1498 2230 solum

214 2246 408 2284 Romanos
435 2250 653 2294 legionibus
679 2249 857 2293 adscribi,
891 2249 961 2284 sed
988 2249 1105 2284 etiam
1132 2250 1317 2287 Graecos.
1369 2251 1499 2295 Atque

214 2302 247 2336 si
273 2306 477 2340 statuimus
502 2305 654 2340 titulum
680 2310 856 2340 nostrum
881 2306 929 2340 ab
947 2305 1102 2341 homine
1117 2306 1270 2341 Graeco
1297 2317 1385 2342 esse
1412 2317 1499 2342 con-

214 2360 410 2405 scriptum,
437 2363 637 2398 collocatio
663 2362 882 2407 linguarum
908 2362 1064 2397 minime
1091 2363 1263 2402 offendit.
1303 2364 1498 2408 Quaeren-

213 2420 291 2451 tem
329 2424 469 2463 autem,
488 2455 494 2460 ,
513 2418 703 2464 quomodo
741 2418 888 2454 factum
927 2418 987 2463 sit,
1031 2424 1074 2454 ut
1109 2420 1149 2454 in
1185 2420 1296 2455 titulo
1332 2420 1499 2455 hominis
