1655 2789
743 224 931 253 -·23..

195 336 267 374 est,
294 336 335 365 ut
362 331 459 365 ratio
476 330 673 365 nominum
700 331 736 364 in
757 330 803 364 iis
830 341 876 364 ea
894 330 955 373 sit,
983 339 1082 373 quae
1100 330 1243 365 indicat
1261 331 1361 365 bona
1388 335 1478 364 tem-

193 397 302 432 pora.
353 386 529 429 Accedit,
569 386 670 430 quod
707 386 745 420 in
773 385 866 422 CIL.
886 385 1051 420 1116026
1082 387 1224 421 tribum
1260 386 1478 423 nominibus

194 443 383 478 adiectam
396 443 595 485 habemus,
615 443 717 486 quod
736 452 859 486 aeque
877 447 969 476 nota
986 448 1045 476 est
1063 443 1151 476 aevi
1168 443 1269 480 boni.
1301 442 1477 486 Denique

193 500 229 534 in
258 500 436 534 omnibus
462 499 712 543 praenomina
746 500 962 543 perscripta
996 504 1097 541 sunt,
1134 500 1383 543 quamobrem
1411 509 1478 533 eas

194 556 220 592 1.
248 565 350 591 saec.
376 565 412 599 p.
441 555 530 591 Chr.
557 565 634 589 non
661 554 895 598 posteriores
923 564 1011 589 esse
1038 564 1215 589 censeam
1228 557 1264 600 ¹).
1316 555 1479 589 Restant

194 612 287 651 CIL.
307 612 448 647 111436
484 612 639 656 Ephesi,
703 611 795 647 CIL.
823 611 873 646 III
900 612 968 646 761
1008 621 1127 655 prope
1165 611 1478 655 Marcianopolim

194 669 328 713 (Moes.
375 667 500 712 infer.)
541 674 657 711 atque
697 667 790 703 CIL.
814 667 902 702 VIII
931 668 1023 702 1556
1063 667 1263 702 Aunobari
1302 667 1477 710 Africae;

193 734 355 769 quarum
382 724 506 767 prima
533 729 592 758 est
611 723 795 767 Ampliati
814 723 993 758 Successi
1015 723 1114 767 Aug.
1141 723 1204 759 lib.
1224 733 1379 767 vernae,
1406 723 1478 757 for-

193 786 298 815 tasse
325 780 389 815 lib.
416 780 660 823 imperatoris
682 779 861 823 Augusti,
889 780 986 813 duas
1013 778 1121 821 alias,
1149 788 1248 822 quae
1273 778 1479 813 formulam

193 836 444 880 depositionis
481 836 719 879 coniungunt
755 845 843 870 cum
869 836 971 878 DM,
1008 845 1084 869 non
1111 836 1235 869 audeo
1261 836 1479 870 accuratius

193 891 365 934 definire,
394 901 509 935 quam
536 896 578 925 ut
604 896 693 925 ante
720 891 781 928 111.
810 901 911 927 saec.
938 901 974 934 Ρ.
1003 891 1090 926 Chr.
1116 891 1264 934 positas
1297 901 1365 925 eas
1392 901 1479 925 esse

193 953 373 983 statuam.

309 1003 383 1038 Hic
415 1006 592 1048 sepultus
625 1008 691 1038 est.
744 1004 836 1038 CIL.
856 1004 907 1038 III
930 1003 996 1038 182
1037 1003 1149 1047 Bybli
1176 1003 1324 1047 Syriae,
1364 1013 1478 1047 quam

191 1065 349 1104 propter
376 1061 517 1094 bonam
543 1060 739 1094 nominum
758 1060 945 1094 rationem
973 1067 1011 1094 et
1037 1059 1199 1094 formam
1218 1059 1479 1103 praenominis

192 1117 448 1162 perscriptam
485 1122 601 1161 atque
639 1116 793 1152 omnino
830 1123 989 1161 propter
1014 1122 1133 1151 totam
1162 1117 1479 1161 compositionem

192 1184 268 1208 non
305 1179 393 1217 post
429 1173 577 1209 initium
613 1183 714 1210 saec,
743 1173 787 1210 ΙΙ.
814 1183 850 1217 p.
878 1173 968 1209 Chr.
1006 1173 1178 1209 detrud0.
1239 1172 1299 1208 De
1325 1174 1360 1208 h.
1388 1182 1419 1209 5.
1446 1184 1477 1208 s.

191 1229 328 1264 litteris
348 1229 440 1265 CIL.
460 1229 511 1263 III
530 1230 625 1264 7568
644 1229 776 1264 Tomis
795 1234 921 1264 utrum
947 1229 1037 1274 h(ic)
1055 1229 1153 1273 εμπ)
1172 1232 1294 1272 s(unt)
1321 1239 1370 1263 an
1387 1229 1478 1273 Mic)

190 1285 363 1333 s(epulti)
381 1289 504 1330 s(unt)
523 1286 761 1330 supplendae
780 1285 866 1331 sint,
893 1295 970 1319 non
984 1285 1128 1327 dubito,
1156 1286 1245 1330 quia
1263 1285 1302 1320 in
1316 1285 1478 1320 Graecis

191 1342 426 1385 respondent
452 1342 525 1377 ὧδε
550 1344 743 1388 ἐτάφησαν;
770 1342 902 1376 titulus
930 1347 990 1375 est
1016 1341 1061 1377 II.
1090 1351 1191 1377 saec.
1219 1351 1255 1384 p.
1283 1341 1372 1378 Chr.

310 1397 382 1431 Hic
408 1397 504 1432 iacet
523 1397 653 1441 (iacit).
694 1397 785 1432 CIL.
807 1397 968 1431 1119534
995 1397 1147 1432 Salonis
1175 1397 1384 1443 (Dalmat.),
1412 1397 1476 1441 qui

191 1454 292 1498 quod
320 1454 410 1489 anni
436 1454 684 1489 indictionum
712 1455 955 1493 adnotantur.
995 1454 1100 1497 prior
1125 1464 1202 1488 non
1234 1460 1293 1489 est
1320 1455 1476 1488 saeculo

191 1511 323 1554 quinto
349 1521 386 1554 p.
405 1511 494 1547 Chr.
504 1514 540 1555 ²).
593 1510 686 1546 CIL.
705 1510 760 1545 IV
782 1511 909 1546 10971.
937 1510 1092 1546 Romae.
1121 1510 1165 1547 II.
1193 1520 1293 1547 saec,
1321 1520 1357 1553 p.
1385 1509 1475 1546 Chr.

191 1567 336 1611 opinor.
365 1567 547 1602 Formula
566 1568 766 1611 suppletur
781 1566 844 1605 IG.
863 1566 957 1601 XIV
980 1567 1083 1602 1366.
1102 1566 1333 1602 Florentiae.
1353 1566 1396 1600 ΙΙ.
1412 1566 1475 1600 vel

192 1623 252 1659 III.
281 1624 438 1659 saeculi.

307 1680 380 1714 Hic
406 1679 618 1723 requiescit.
670 1679 762 1716 CIL.
779 1679 815 1714 V
834 1680 939 1715 6195.
967 1689 1002 1722 p.
1031 1678 1120 1715 Chr.
1148 1679 1229 1714 444.
1258 1679 1474 1714 Mediolani.

191 1736 283 1771 CIL.
304 1736 375 1771 XII
394 1736 501 1773 5340.
528 1746 565 1780 P.
585 1736 674 1772 Chr.
694 1736 777 1771 527.
805 1735 984 1770 Narbone
1007 1735 1168 1771 Galliae.
1208 1735 1259 1769 Ut
1286 1744 1475 1769 summam

191 1792 389 1835 faciamus,
427 1793 678 1836 depositi0nis
716 1793 965 1826 formularum
1002 1792 1163 1826 historia
1199 1791 1353 1825 videtur
1388 1801 1475 1825 esse

189 1848 303 1884 haec:
344 1849 455 1883 bonis
481 1849 720 1893 temporibus
756 1849 795 1882 in
831 1857 903 1882 usu
939 1853 998 1883 est
1034 1847 1096 1882 hic
1133 1848 1236 1882 situs
1262 1851 1328 1890 est,
1367 1857 1476 1892 prae-

190 1909 298 1938 terea
334 1906 449 1948 paulo
486 1905 678 1947 posterior
703 1911 741 1939 et
767 1905 890 1938 rarior
915 1910 1077 1947 apparet
1115 1904 1177 1938 hic
1201 1904 1379 1947 sepultus
1404 1907 1475 1946 e'st;

191 1970 240 1993 ex
266 1960 437 1994 secundo
464 1965 593 1995 autem
620 1962 776 1994 saeculo
798 1960 862 1994 illa
889 1960 1054 1994 formula
1080 1959 1300 2003 reprimitur
1326 1959 1476 1993 duabus

191 2016 276 2051 aliis
301 2017 362 2052 hic
388 2017 486 2052 iacet
511 2022 547 2052 et
576 2017 637 2052 hic
669 2016 880 2061 requiescit,
918 2026 1018 2061 quae
1054 2026 1178 2061 usque
1216 2016 1266 2051 ad
1302 2021 1476 2059 tempora

190 2078 386 2115 postrema
413 2073 654 2112 adhibentur,
706 2073 818 2117 Quod
844 2078 973 2107 autem
1004 2072 1170 2116 pertinet
1197 2073 1245 2106 ad
1271 2071 1475 2106 formulam

190 2129 251 2163 hic
267 2130 370 2164 situs
389 2134 454 2174 est,
482 2130 646 2174 primum
664 2130 858 2165 invenitur
876 2135 1050 2164 extremo
1068 2130 1131 2165 lib.
1151 2129 1207 2163 rei
1225 2129 1327 2173 publ.
1347 2133 1475 2173 temp„

190 2188 417 2231 saepissime
444 2193 573 2223 autem
600 2188 626 2225 1.
654 2198 756 2224 saec,
783 2198 818 2232 p.
835 2187 923 2225 Chr.
952 2198 1000 2232 n.,
1028 2197 1148 2232 quare
1175 2187 1291 2222 etiam
1317 2186 1410 2222 CIL.
1426 2185 1475 2220 ΙΙἸ

190 2244 257 2278 761
288 2249 327 2279 et
353 2244 446 2280 CIL.
465 2244 555 2278 VIII
578 2245 669 2279 1556
695 2245 821 2288 magis
848 2244 897 2277 ad
924 2244 950 2279 I.
978 2253 1094 2287 quam
1121 2243 1163 2277 ΙΙ.
1193 2253 1294 2279 saec.
1321 2253 1358 2286 p·
1385 2242 1475 2278 Chr.

190 2299 367 2336 referam.

311 2372 338 2404 1)
359 2371 396 2398 cf.
418 2379 504 2405 supra
525 2379 553 2405 p.
571 2377 615 2403 19.

307 2416 337 2451 2)
359 2417 395 2444 cf.
417 2416 524 2443 Caesar
544 2416 685 2444 observat.
706 2425 736 2451 p.
754 2422 784 2442 11
800 2425 843 2451 sq.
