1655 2789
0 0 351 29 mevqluyuvn
361 0 372 4 ,γ
387 0 391 4 .
406 0 415 5 ..
431 0 533 11 *vv-,awr-
545 0 564 11 μ
576 0 578 2 v
592 0 597 1 ⁷
640 0 653 2 ν·
712 0 734 7 -γ
749 0 753 2 v

733 255 926 286 -37-

188 363 303 398 quam
329 354 406 390 illa
439 354 542 388 vHoc
567 353 645 388 iam
669 354 794 397 primo
826 354 961 388 obtutu
988 355 1261 397 cognoscimus
1286 355 1473 391 formulas

189 419 258 454 per
283 409 613 443 substitutionem·
631 408 803 443 redditas
838 419 916 444 non
953 413 1034 443 tam
1071 410 1320 446 crebrescere
1356 419 1473 455 quam

188 465 397 500 translatas
411 470 450 499 et
462 464 577 500 tertio
591 459 676 500 loco
691 465 938 509 compositas.
964 464 1064 500 Nam
1082 467 1170 500 c'um
1186 466 1288 501 illius
1315 468 1472 511 generis

188 521 235 556 22
261 530 444 560 numeros
477 525 628 555 tantum
656 521 882 567 habeamus,
921 521 1197 557 translatarum
1235 528 1390 558 exstant
1425 523 1473 558 53

189 578 377 621 exempla,
405 586 504 621 quae
522 586 646 621 paene
664 576 883 621 adaequant
912 577 989 619 illa.
1017 587 1116 621 quae
1142 588 1219 612 non
1245 578 1320 613 nisi
1350 580 1474 614 altera

188 638 297 677 parte
344 643 533 677 expressa
568 638 659 668 sunt
695 632 784 677 (52).
847 633 907 668 De
944 638 1072 668 aetate
1108 638 1249 677 autem,
1288 640 1474 678 quantum

188 689 365 733 singulae
382 689 553 724 rationes
570 688 670 723 inter
687 698 731 724 se
749 688 939 735 differant,
950 698 953 700 ·
965 689 1006 723 in
1022 689 1247 723 universum
1274 699 1323 724 ex
1341 695 1474 724 nostro

189 749 399 788 conspectu
434 754 511 779 non
547 745 668 779 multa
704 754 892 789 apparere
922 744 1114 780 videntur.
1165 744 1346 779 Omnium
1372 745 1474 779 enim

188 800 390 836 modorum
429 801 607 846 exempla
645 801 834 837 habemus
873 807 911 836 et
953 802 1142 836 bonorum
1180 806 1397 846 temporum
1436 807 1475 836 et

188 857 413 901 posterioris
453 857 604 893 aetatis.
672 856 749 892 Sed
787 857 861 893 hoc
899 867 1051 902 quoque
1096 858 1221 892 obiter
1262 857 1474 892 intuentem

188 912 346 948 offendit
372 913 640 957 antiquissima
664 914 843 958 exempla
869 924 946 949 non
973 923 1061 949 esse
1087 923 1158 958 per
1182 912 1475 948 translationem

188 968 349 1012 reddita,
392 970 462 1004 sed
503 979 574 1014 per
616 970 927 1005 substitutionem
969 976 1085 1015 atque
1128 980 1185 1012 ea,
1230 971 1269 1005 in
1312 979 1475 1015 quorum

190 1026 312 1060 altera
338 1030 449 1069 parte
476 1026 641 1061 formula
676 1027 797 1071 deest,
834 1027 946 1062 adest
981 1027 1021 1061 in
1056 1028 1191 1063 altera.
1243 1026 1372 1071 Atque
1401 1026 1476 1061 hoc

189 1082 400 1127 adiungere
418 1091 626 1126 possumus
651 1082 691 1117 in
703 1082 824 1117 titulis
841 1082 1049 1126 postremis
1075 1082 1313 1126 temporibus
1339 1081 1475 1126 positis

188 1137 375 1171 formulas
399 1147 471 1181 per
487 1138 801 1172 substitutionem
819 1138 989 1173 redditas
1007 1148 1085 1173 non
1103 1148 1192 1173 esse
1209 1143 1290 1173 tam
1316 1138 1475 1172 crebras

189 1203 305 1239 quam
323 1203 402 1239 eas,
429 1203 527 1238 quas
546 1194 716 1229 secundo
731 1200 770 1229 et
788 1195 900 1229 tertio
919 1196 1004 1229 loco
1022 1195 1321 1239 composuimus.
1347 1193 1475 1228 Etiam

189 1250 293 1285 aliud
318 1260 368 1284 ex
394 1256 605 1294 conspectu
632 1252 891 1295 cognoscitur.
919 1252 1001 1286 Has
1018 1253 1156 1287 illasve
1174 1251 1361 1285 formulas
1388 1258 1476 1284 cum

188 1308 316 1341 tribus
339 1307 463 1341 modis
489 1308 702 1342 habeamus
720 1317 940 1351 expressas,
968 1309 1067 1342 aliae
1087 1313 1253 1350 exstant,
1281 1316 1380 1350 quae
1398 1315 1475 1339 non
1516 1308 1519 1310 ’

188 1361 262 1396 nisi
288 1362 439 1396 duabus
465 1362 678 1397 rationibus
696 1364 760 1397 vel
778 1372 855 1397 una
872 1368 1021 1397 tantum
1037 1367 1127 1397 sunt
1140 1362 1326 1398 redditae.
1354 1362 1474 1404 Quae-

188 1418 295 1463 ritur,
333 1418 526 1464 quomodo
551 1419 625 1454 hoc
652 1418 921 1464 explicandum
948 1419 1009 1456 sit.
1059 1419 1172 1455 Hanc
1208 1418 1474 1464 quaestionem

189 1476 381 1510 artissime
408 1476 618 1511 cohaerere
645 1486 732 1511 cum
759 1486 807 1511 ea
833 1476 880 1510 de
906 1481 1034 1511 aetate
1061 1476 1262 1510 modorum
1288 1474 1475 1509 reddendi

188 1531 290 1567 infra
327 1532 529 1577 apparebit
567 1537 683 1577 atque
721 1532 944 1577 gravissimi
983 1524 1167 1568 momenti
1205 1540 1292 1567 esse
1332 1535 1474 1574 statuo,

189 1589 279 1634 quia
304 1589 393 1624 inde
420 1594 591 1634 apparet,
631 1599 729 1634 quae
765 1589 953 1626 formulae
989 1599 1084 1624 vere
1111 1589 1288 1624 Graecae
1324 1588 1402 1623 sint
1436 1593 1475 1622 et

188 1646 350 1680 Latinae
386 1655 562 1690 quaeque
598 1655 648 1680 ex
683 1646 805 1680 altera
837 1646 969 1689 lingua
996 1643 1196 1680 derivatae
1236 1645 1324 1681 sint.
1375 1643 1475 1678 Nam

189 1710 455 1746 quaecumque
498 1701 545 1736 de
587 1701 839 1736 formularum
876 1700 1104 1736 Latinarum
1147 1701 1296 1745 origine
1339 1700 1475 1734 hucus-

189 1767 263 1802 que
290 1758 393 1793 dicta
419 1762 509 1793 sunt
533 1758 719 1802 plurimas
745 1768 832 1793 esse
858 1768 882 1792 a
899 1757 1063 1793 Graecis
1089 1762 1322 1801 assumptas,
1349 1756 1475 1800 magis

189 1814 473 1858 opinationibus
509 1815 682 1849 nituntur
719 1824 835 1858 quam
871 1814 988 1849 certis
1024 1814 1303 1858 argumentis.-
1334 1812 1476 1847 Graeci

189 1874 330 1914 autem,
369 1879 460 1905 num
500 1870 538 1905 in
577 1880 649 1905 usu
687 1869 939 1905 formularum
976 1869 1173 1906 Romanos
1211 1869 1349 1905 imitati
1387 1868 1476 1915 sint,

188 1927 388 1972 hucusque
425 1938 538 1963 nemo
574 1928 784 1973 inquisivit.
834 1929 915 1963 Iam
947 1928 1163 1971 videamus,
1202 1926 1293 1972 quid
1329 1926 1377 1962 de
1415 1926 1476 1962 his

189 1984 306 2018 rebus
333 1994 381 2018 ex
409 1984 644 2027 bilinguibus
671 1984 876 2020 discamus
928 1983 1112 2028 Singulas
1137 1983 1325 2018 formulas
1351 1983 1476 2017 tribus

189 2040 313 2075 modis
350 2050 559 2085 expressas
595 2050 683 2076 esse
719 2040 810 2086 quid
845 2039 934 2076 inde
973 2040 1156 2086 apparet?
1206 2040 1293 2076 Mea
1320 2039 1476 2089 quidem

189 2097 383 2131 sententia
408 2107 455 2131 eo
480 2102 666 2141 tempore,
693 2107 769 2141 quo
787 2098 966 2140 exempla
983 2106 1053 2140 per
1071 2096 1393 2131 substitutionem·
1412 2105 1476 2129 ex-

189 2160 326 2195 pressa
351 2152 551 2196 habemus,
577 2152 691 2187 huius
709 2152 862 2188 illiusve
878 2151 1069 2188 formulae
1083 2162 1161 2188 non
1173 2150 1296 2187 fuisse
1309 2160 1476 2196 aequum

190 2210 388 2253 exemplar
413 2209 451 2244 in
478 2209 640 2244 Graecis
666 2214 782 2254 atque
808 2209 967 2247 Latinis.
1019 2209 1148 2253 Quare
1174 2209 1312 2243 harum
1336 2207 1477 2242 formu-

188 2264 312 2299 larum
340 2265 436 2300 duas
462 2270 593 2309 partes
619 2265 822 2309 indigenas
841 2274 928 2300 esse
945 2274 1151 2300 censemus
1169 2274 1296 2309 neque
1314 2265 1476 2299 alteram

190 2330 239 2355 ex
265 2322 387 2357 altera
413 2321 597 2357 imitando
624 2321 817 2365 effectam,
857 2321 891 2357 si
916 2322 980 2357 ille
1015 2321 1154 2357 modus
1190 2321 1380 2357 vetustior
1416 2325 1476 2355 est

190 2387 305 2421 quam
324 2378 400 2413 duo
417 2379 566 2423 reliqui.
591 2379 734 2414 Postea
751 2384 880 2414 autem
906 2379 940 2413 si
965 2379 1005 2413 in
1030 2379 1218 2413 formulae
1244 2378 1475 2413 substitutae

189 2433 317 2469 locum
342 2435 544 2470 translatio
570 2434 770 2479 successit,
806 2434 989 2470 indicium
1014 2435 1089 2471 hoc
1115 2439 1176 2470 est
1208 2434 1374 2470 alterum
1398 2442 1475 2468 ser-
