1655 2789
746 218 939 248 -47-

199 315 345 350 bucher
375 315 465 350 1907
493 325 529 358 p.
548 316 570 350 9
596 316 735 350 harum
760 315 1012 350 formularum
1038 315 1225 359 originem
1252 315 1483 360 suspicatur,

200 381 287 406 cum
305 371 413 406 dicit:
444 372 561 416 „Eine
575 381 769 417 genauere
783 371 956 415 Prufung
975 371 1043 405 der
1057 371 1484 415 Sepulcralinschriften

199 428 296 461 wird
335 427 481 462 meines
507 428 722 463 Erachtens
753 428 934 471 ergeben,
975 427 1065 461 dass
1096 427 1158 461 die
1188 428 1370 462 Anreden
1409 429 1483 462 wie

199 493 281 527 ave,
307 484 405 527 vale,
430 485 540 518 salve
565 489 637 520 etc.
677 484 762 518 eine
789 483 1070 529 Nachahmung
1107 484 1175 518 des
1215 484 1483 527 griechischen

201 540 398 575 Brauches
424 541 667 577 darstellen.“
709 540 789 575 Iam
803 541 1007 575 redeamus
1033 540 1082 575 ad
1097 540 1192 575 alias
1210 540 1396 575 formulas
1414 551 1484 584 per

199 597 491 631 translationem
521 603 671 631 tantum
699 606 917 640 expressas.
963 596 1126 630 Restant
1156 597 1247 630 hae:
1283 597 1486 631 memoriae

196 653 335 697 gratia
369 655 433 688 vel
467 663 601 695 causa,
636 653 794 697 pietatis
820 663 953 696 causa,
989 653 1152 687 virtutis
1185 663 1289 696 ergo,
1323 653 1485 687 virtutis

200 709 473 746 benivolentiae
510 709 741 754 beanz‘ciqu&
766 719 899 753 causa,
937 709 1100 758 virtutis
1130 709 1358 752 benefz'cique
1383 719 1486 753 ergo,

199 767 260 801 hic
285 767 394 807 iacet,
432 770 565 800 votum
592 766 708 809 dedit,
746 767 891 800 donum
923 767 988 800 vel
1014 776 1127 800 aram
1157 765 1303 808 posuit,
1341 775 1486 799 munus

200 823 264 858 vel
297 832 411 858 aram
446 822 649 858 dedicavit.
701 822 761 857 De
798 823 937 867 quibus
974 821 1132 857 difficile
1169 828 1227 856 est
1265 820 1484 868 diiudicatu,

200 885 286 914 utra
323 889 414 923 pars
441 879 679 922 singularum
706 879 957 914 formularum
996 878 1198 913 imitationi
1223 877 1338 912 fuerit
1364 878 1485 921 alteri,

200 935 290 980 quia
315 936 543 980 plerumque
569 944 646 969 non
671 939 834 982 constat,
861 941 989 970 utrum
1017 934 1155 969 Latina
1185 934 1349 969 formula
1380 939 1486 968 vetu-

200 997 300 1027 state
325 992 536 1036 praecedat
555 992 729 1027 Graecae
755 993 819 1026 vel
845 992 1021 1028 invicem.
1062 991 1220 1035 Aliquid
1247 990 1343 1025 certi
1370 990 1487 1025 statui

200 1058 277 1082 non
294 1053 422 1091 potest
439 1048 513 1081 nisi
533 1048 580 1081 de
599 1048 805 1082 memoriae
826 1048 963 1091 gratia
990 1049 1054 1081 vel
1080 1056 1202 1081 causa
1229 1052 1267 1081 et
1292 1047 1353 1081 hic
1379 1047 1486 1081 iacet.

200 1104 372 1147 Quarum
398 1104 514 1146 illam,
553 1104 643 1152 quia
668 1106 804 1148 μνήμης
831 1110 868 1138 et
894 1105 1014 1148 μνείας
1041 1104 1153 1148 χάριν,
1193 1103 1267 1138 nisi
1292 1113 1364 1137 nos
1390 1103 1487 1137 fallit

199 1161 395 1203 memoria,
422 1160 560 1203 prioris
597 1161 735 1195 aetatis
762 1165 852 1194 sunt
878 1170 993 1203 quam
1018 1159 1184 1193 formula
1210 1159 1359 1203 Latina,
1387 1169 1487 1203 quae

200 1215 412 1258 posteriore
452 1215 606 1249 demum
644 1226 744 1249 aevo
770 1216 902 1259 imper.
930 1215 1084 1250 videtur
1110 1225 1198 1249 esse
1225 1215 1396 1249 adhibita
1422 1214 1486 1260 (cf.

200 1281 236 1315 p,
256 1273 329 1315 25),
357 1281 405 1305 ex
424 1272 576 1306 Graeco
602 1281 675 1306 usu
702 1271 872 1307 effictam
898 1282 997 1315 esse,
1024 1272 1086 1306 hic
1103 1271 1198 1306 iacet
1225 1276 1352 1305 autem
1381 1281 1486 1306 mere

200 1337 288 1362 esse
302 1328 479 1362 Latinam
493 1327 662 1372 affirmo;
689 1338 779 1362 nam
805 1329 956 1363 etiamsi
981 1329 1078 1362 haec
1105 1328 1270 1362 formula
1295 1328 1487 1362 recentior

200 1384 250 1418 sit
276 1394 392 1428 quam
418 1385 543 1420 ἐνθάδε
569 1387 688 1426 κεῖται,
724 1394 841 1428 supra
867 1384 1033 1419 vidimus
1060 1384 1252 1420 Graecam
1278 1384 1485 1419 formulam

200 1441 397 1474 exstitisse
425 1451 474 1474 ex
500 1440 639 1475 Latina
664 1441 726 1474 hic
750 1442 853 1475 situs
879 1445 946 1483 est,
973 1442 1082 1475 cuius
1109 1441 1276 1475 formula
1301 1441 1362 1474 hic
1388 1441 1485 1475 iacet

199 1495 293 1529 nihil
319 1501 379 1530 est
404 1496 478 1529 nisi
505 1496 613 1530 varia
640 1496 839 1540 expressio
867 1489 1040 1540 tempore
1076 1498 1233 1540 paulum
1260 1497 1408 1531 distans
1435 1497 1483 1531 ab

199 1551 263 1586 illa
291 1552 353 1596 (cf.
378 1562 414 1596 p.
443 1552 516 1597 23).

317 1607 478 1651 Egimus
516 1609 562 1642 de
599 1608 747 1653 origine
772 1608 1024 1643 formularum
1049 1609 1286 1645 Latinarum.
1337 1609 1484 1651 Restat,

200 1668 242 1698 ut
267 1663 442 1699 similiter
468 1665 641 1701 Graecas
667 1671 889 1704 tractemus.
927 1665 1005 1701 Sed
1030 1665 1184 1701 interim
1210 1666 1484 1701 concludamus

200 1727 316 1765 caput
342 1726 517 1756 nostrum
544 1727 582 1757 et
608 1723 657 1757 ad
683 1723 759 1757 alia
785 1727 1058 1758 convertamus
1085 1723 1264 1757 animum.

811 1859 872 1896 111.

200 1953 273 1994 De
301 1954 536 1994 nonnullis
559 1954 899 2007 discrepantiis,
937 1966 1058 2007 quae
1090 1955 1210 1996 inter
1241 1961 1484 2008 utramque

293 2027 476 2072 partem
506 2021 799 2062 intercedunt
830 2021 1068 2062 titulorum
1100 2022 1386 2075 bilinguium.

317 2113 612 2158 Inscriptionum
637 2114 864 2159 bilinguium
890 2115 987 2149 duas
1006 2120 1137 2159 partes
1156 2115 1189 2150 si
1203 2125 1483 2160 comparamus,

200 2180 247 2205 ea
289 2170 441 2205 exsistit
487 2172 682 2215 quaestio,
740 2172 930 2216 quomodo
969 2172 1115 2207 factum
1154 2173 1221 2214 sit,
1277 2177 1319 2207 ut
1358 2182 1485 2217 quam-

200 2236 316 2271 quam
342 2228 381 2262 in
406 2228 631 2262 universum
656 2228 756 2263 inter
782 2239 824 2263 se
843 2229 1099 2275 consentiunt,
1126 2229 1164 2263 in
1183 2230 1345 2273 singulis
1368 2230 1485 2264 rebus

199 2288 331 2318 tamen
370 2285 526 2328 saepius
565 2285 775 2328 discedant,
816 2294 884 2320 cur
909 2284 955 2328 is,
996 2287 1061 2330 qui
1087 2285 1296 2320 confecerit
1321 2286 1484 2331 titulum,

199 2340 288 2375 huic
314 2341 414 2385 parti
431 2341 615 2376 nonnulla
632 2341 829 2386 adiungat,
857 2351 956 2386 quae
974 2342 1125 2377 omittat
1142 2342 1180 2377 in
1199 2344 1332 2386 altera,
1360 2353 1484 2387 neque

202 2398 362 2435 verbum
389 2402 569 2433 accurate
596 2408 617 2431 e
643 2399 765 2432 verbo
792 2398 991 2442 exprimat.
1033 2400 1141 2433 Haec
1167 2400 1387 2433 discrimina
1413 2400 1486 2442 pri-
