1655 2789
752 201 925 229 ,6-

190 296 366 340 singulas
403 296 587 330 exhibent
624 297 774 330 litteras
807 296 1047 330 formulasve
1074 296 1245 337 Latinas,
1286 301 1323 329 et
1350 305 1408 337 ea,
1445 295 1484 328 in

190 351 332 395 quibus
358 357 397 386 et
423 351 579 386 Graeca
604 357 643 386 et
662 351 799 387 Latina
827 352 935 387 iuxta
961 352 1088 396 posita
1113 352 1178 386 vel
1204 352 1318 396 plane
1345 350 1485 386 discre-

189 413 283 453 pant
310 409 373 442 vel
400 408 540 443 similia
566 413 715 444 tantum
744 419 793 443 ex
827 415 936 453 parte
961 409 1169 445 continent.
1222 408 1330 444 Haec
1356 407 1484 442 omnia

189 473 277 497 cum
292 473 458 507 aequum
478 464 528 497 sit
553 464 602 497 ab
621 463 696 498 illis
711 464 873 506 secerni,
901 465 1025 498 altero
1044 464 1240 498 volumine
1259 463 1483 507 propediem

189 529 261 554 nos
296 519 469 554 edituros
504 529 593 554 esse
628 529 842 564 speramus.
895 520 1028 555 Tertio
1058 520 1255 554 volumine
1282 529 1329 554 ea
1354 527 1484 554 monu-

189 581 320 610 menta
347 581 543 619 oporteret
570 577 760 621 componi,
787 586 888 619 quae
907 585 1141 620 quamquam
1155 575 1309 610 Graeca
1334 580 1483 610 tantum

188 631 322 675 lingua
349 637 508 665 servata
534 631 711 674 primitus
725 631 862 665 Latine
889 637 927 665 et
945 631 1096 665 Graece
1123 636 1234 665 erant
1252 631 1484 676 conscripta,

189 687 319 731 qualia
358 687 521 722 collecta
555 687 745 722 habemus
784 688 888 731 apud
926 687 1088 723 Paulum
1128 687 1308 733 Viereck,
1347 686 1483 723 Sermo

189 743 378 786 Graecus,
411 753 487 788 quo
513 749 675 779 senatus
714 745 956 789 populusque
983 743 1181 779 Romanus
1202 771 1210 780 .
1231 772 1238 780 .
1259 772 1266 780 .
1294 743 1355 779 usi
1381 749 1483 787 sunt,

190 800 447 846 examinatur,
487 800 699 846 Gottingae
730 800 823 837 1888
862 806 900 836 et
926 801 1029 845 apud
1056 800 1226 836 Leonem
1253 799 1484 842 Lasoscade,

190 857 250 892 De
283 858 459 901 epistulis
489 859 765 902 imperatorum
795 857 1171 902 magistratuumque
1207 857 1484 900 Romanorum,

190 913 333 949 Insulis
364 914 468 950 1902.

190 1499 434 1540 Compendium
450 1504 579 1540 praeter
594 1499 711 1530 usitata
726 1499 909 1530 adhibitum
926 1504 974 1531 est
989 1499 1070 1531 hoc:
1089 1498 1179 1530 IGR.
1193 1510 1230 1523 =
1240 1499 1481 1540 Inscriptiones.

189 1550 337 1583 Graecae
360 1551 402 1581 ad
428 1560 478 1581 res
503 1549 670 1581 Romanas
692 1549 901 1591 pertinentes,
926 1549 1052 1582 Parisiis
1080 1558 1159 1590 1901
1174 1559 1245 1591 sqq.
