1655 2789
767 235 958 265 -45-

730 334 830 376 χαῖρε
854 333 995 377 ζήσασα

728 390 890 426 ἐνιαυτὸν
916 402 939 434 μ
966 389 996 433 β’

659 445 698 479 in
724 445 837 489 cippo
863 444 1069 489 quadrato:

812 500 849 535 D
875 501 914 535 M

757 557 966 591 Antoniam

732 613 1000 648 Mamertinam

712 680 812 714 quae
839 670 936 705 vixit
962 680 1013 705 an

695 735 787 761 num
813 731 851 761 et
877 735 1032 761 menses

816 783 912 818 duos

219 870 278 905 De
316 869 492 904 formulis
531 868 684 913 benefici
708 878 800 913 ergo
827 873 866 904 et
891 868 1079 904 similibus
1118 878 1154 912 p.
1182 869 1229 903 40
1268 869 1501 914 compositis,

219 926 309 971 quia
345 926 513 960 rariores
549 930 650 970 sunt,
688 935 766 959 non
801 925 961 959 multum
1000 925 1116 959 statui
1149 929 1288 968 potest.
1339 924 1508 968 Benefici

218 992 310 1026 ergo
336 982 514 1025 exempla
540 986 578 1016 et
604 981 888 1016 substitutionis
914 987 952 1016 et
978 981 1242 1016 translationis
1269 981 1398 1016 omnia
1416 988 1504 1017 sunt

219 1040 283 1075 lib.
310 1038 483 1082 reipubl.
510 1038 660 1079 aetatis,
687 1038 865 1082 idemque
891 1039 997 1073 valet
1023 1039 1070 1072 de
1095 1037 1262 1073 formula
1288 1038 1504 1073 benevolen-

219 1096 296 1131 tiae
321 1105 452 1132 causa.
505 1095 677 1130 Honoris
702 1105 823 1130 causa
861 1095 900 1129 in
938 1095 1206 1140 antiquissimo
1233 1096 1411 1140 exemplo
1436 1105 1506 1139 per

219 1152 511 1187 translationem
537 1152 657 1194 reddi,
696 1161 815 1185 unum
853 1146 1073 1195 exemplum
1098 1160 1168 1194 per
1194 1151 1505 1186 substitutionem

220 1216 447 1251 expressum
474 1207 759 1242 Antoninorum
795 1207 949 1241 demum
974 1207 1113 1242 aetatis
1140 1216 1227 1241 esse
1260 1206 1418 1251 dignum
1446 1213 1505 1242 est

220 1264 323 1309 quod
349 1267 681 1299 commemoretur.
722 1263 798 1298 Sed
817 1273 865 1297 ex
883 1263 943 1297 his
969 1263 1120 1297 duobus
1147 1263 1335 1306 exemplis
1362 1273 1504 1298 caveas

219 1330 268 1354 ne
294 1319 408 1353 nimis
433 1319 641 1354 concludas
668 1318 716 1353 de
743 1319 908 1354 diversis
926 1318 1051 1353 modis
1069 1318 1266 1354 reddendi.
1299 1318 1505 1354 Formulae

220 1376 322 1412 enim
359 1375 516 1411 honoris
546 1384 666 1410 causa
705 1376 743 1410 in
771 1375 932 1411 Graecis
970 1375 1079 1410 iuxta
1118 1375 1350 1411 adhibentur
1386 1380 1504 1422 τειμῆς

219 1435 321 1479 χάριν
339 1438 378 1467 et
395 1434 586 1477 ἑτείμησεν.
619 1433 748 1476 Quare
774 1434 808 1468 si
833 1433 919 1477 quis
945 1433 1097 1468 titulum
1123 1433 1335 1477 bilinguem
1361 1444 1504 1477 ponere

219 1490 385 1532 volebat,
422 1494 488 1524 aut
514 1489 693 1523 Latinum
728 1490 884 1524 honoris
910 1499 1032 1524 causa
1068 1489 1107 1524 in
1141 1489 1302 1525 Graecis
1337 1490 1503 1525 retinere

219 1551 285 1581 aut
324 1546 476 1581 Graeco
514 1545 624 1580 titulo
662 1551 809 1581 mutato
848 1555 973 1590 neque
1013 1551 1193 1581 accurate
1236 1546 1286 1581 ad
1323 1546 1502 1582 Latinum

220 1603 418 1646 exemplar
443 1602 624 1647 applicito
642 1604 805 1637 verbum
818 1604 1001 1646 ἑτείμησεν
1027 1604 1260 1637 substituere
1278 1604 1412 1647 potuit.
1439 1604 1503 1638 At-

220 1668 295 1703 que
321 1658 418 1693 haec
445 1658 492 1693 de
518 1658 633 1693 modo
660 1658 943 1694 substitutionis
970 1668 1059 1693 cum
1077 1659 1228 1694 duobus
1247 1659 1404 1704 reliquis
1430 1661 1504 1694 col-

219 1716 310 1752 lato.
338 1714 418 1751 lam
437 1724 552 1760 quem
569 1716 697 1751 locum
722 1720 879 1751 teneant
904 1716 1043 1751 modus
1069 1716 1264 1751 secundus
1291 1722 1329 1751 et
1354 1716 1502 1761 tertius,

219 1782 296 1806 una
322 1781 410 1806 cum
436 1772 653 1807 substitutis
672 1772 860 1818 apparuit,
886 1777 929 1807 ut
945 1772 1120 1816 pluribus
1137 1773 1268 1807 verbis
1286 1783 1364 1807 non
1377 1779 1502 1818 egeat.

219 1828 348 1873 Quare
386 1838 489 1863 nunc
528 1828 739 1873 videamus,
779 1828 870 1874 quid
908 1828 956 1863 de
993 1828 1141 1874 origine
1177 1828 1428 1865 formularum
1455 1839 1504 1865 ex

218 1885 338 1920 titulis
381 1885 525 1920 nostris
569 1886 775 1921 discamus.
842 1885 1046 1920 Formulas
1089 1886 1248 1929 originis
1303 1887 1465 1921 Latinae
1477 1892 1502 1931 ¹)

219 1947 406 1983 tenemus,
442 1941 533 1985 quia
558 1951 636 1976 non
661 1942 735 1976 nisi
760 1942 882 1986 primo
907 1941 1023 1976 modo
1050 1950 1259 1985 expressae
1302 1947 1407 1976 sunt:
1459 1943 1502 1977 ob

219 1997 358 2033 merita
392 1997 487 2041 eius,
529 1997 591 2032 hic
628 1997 847 2042 requiescit;
892 1997 982 2041 quia
1015 2007 1093 2032 non
1131 1997 1206 2032 nisi
1239 1997 1352 2032 tertio
1388 1999 1503 2033 modo

219 2053 391 2088 redditae
418 2059 525 2088 sunt:
566 2055 684 2088 bonae
722 2053 938 2096 memoriae,
973 2063 1144 2096 sacrum,
1183 2054 1304 2088 libens
1344 2055 1504 2099 (lubens,

219 2109 400 2155 libentes),
444 2109 593 2155 l(ibens)
619 2110 791 2158 a(nz'mo),
829 2121 847 2145 e
871 2112 958 2144 voto
983 2113 1169 2154 suscepto,
1205 2114 1292 2145 voto
1317 2114 1504 2155 suscepto,

220 2168 318 2201 bona
338 2167 462 2210 proba
478 2166 631 2210 frugez',
670 2168 797 2202 laetus
822 2167 861 2201 in
887 2166 1053 2201 formula
1077 2170 1210 2201 votum
1235 2167 1353 2202 solvit
1378 2170 1505 2203 laetus

219 2222 341 2256 libens
366 2222 514 2264 merito,
549 2222 705 2256 amanti
737 2222 776 2256 in
801 2222 966 2256 formula
992 2223 1148 2257 amanti
1171 2226 1204 2257 et
1231 2225 1319 2257 bene
1344 2225 1506 2258 merenti

342 2334 369 2370 ι)
388 2335 413 2361 F
415 2335 539 2362 ormulas
561 2335 680 2369 originis
701 2335 823 2363 Latinae
842 2344 889 2362 eas
909 2335 982 2371 dieo,
1014 2344 1086 2371 quae
1106 2344 1165 2363 non
1185 2345 1218 2362 ex
1240 2337 1359 2363 Graecis
1379 2337 1503 2370 regioni—

219 2381 275 2408 bus
305 2381 341 2407 ad
362 2382 512 2408 Romanos
544 2385 746 2417 pervenerunt,
780 2382 907 2417 itemque
933 2382 1060 2409 Graecae
1092 2382 1216 2419 originis,
1251 2383 1376 2418 quaein
1397 2383 1502 2410 finibus

219 2427 331 2454 Latinis
352 2432 432 2454 ortae
453 2436 511 2454 non
533 2432 608 2456 sunt.
