1655 2789
749 183 943 212 „60-

199 278 242 313 In
280 287 356 323 quo
395 279 506 313 titulo
545 280 656 315 vides
691 280 870 316 Latinam
903 286 1053 326 partem
1090 287 1128 316 et
1164 281 1357 317 Graecam
1393 281 1490 316 adeo

199 335 432 380 discrepare,
461 341 502 370 ut
529 336 576 371 de
604 337 857 372 translatione
884 338 1039 372 minime
1057 337 1179 381 possit
1198 338 1374 382 cogitari.
1411 338 1491 372 Iam

199 391 300 425 hanc
326 392 375 426 ob
403 401 562 426 causam
589 397 718 427 statuo
744 393 898 428 titulum
918 403 993 427 non
1012 394 1241 437 provenisse
1262 404 1312 428 ex
1331 393 1489 429 officina

200 447 386 483 Romana.
438 447 647 484 Praeterea
675 449 826 484 Graeca
852 460 944 494 pars
971 450 1009 484 in
1036 450 1243 485 afferendis
1270 451 1489 485 nominibus

200 505 458 548 imperatoriis
484 506 599 548 plane
627 507 810 552 abhorret
837 508 885 541 ab
913 516 986 541 usu
1012 507 1190 541 sollemni
1208 507 1399 550 Romano;
1426 510 1490 543 τοῦ

201 561 298 596 θείου
326 560 487 606 [Μάρκου
514 562 703 608 Αὐ]ρηλίου
721 563 943 599 Ἀντονείνου
962 562 1042 607 Σεβᾲ
1070 563 1282 606 Γερμανικοῦ
1301 563 1491 606 originem

200 616 346 650 habere
373 622 501 660 potest
528 622 595 652 aut
622 628 714 653 vere
740 618 935 662 privatam
953 623 1019 653 aut
1038 618 1231 653 Graecam
1249 619 1488 662 sollemnem,

200 681 327 715 neque
354 682 450 707 vero
490 673 685 717 publicam
711 673 939 717 Romanam,
978 674 1016 709 id
1043 674 1145 718 quod
1172 674 1247 709 alio
1281 675 1366 709 loco
1402 684 1493 709 mox

201 737 317 771 spero
343 738 405 762 me
432 729 556 764 fusius
583 740 670 764 esse
698 730 975 774 expositurum.
1026 730 1236 764 Liberioris
1261 730 1379 774 igitur
1405 740 1493 765 esse

201 784 358 827 generis
385 785 538 820 Graeca
565 791 693 820 statuo
719 796 845 830 neque
873 786 1009 821 eodem
1036 795 1153 821 sensu
1182 786 1384 821 sollemnia
1414 796 1490 830 quo

203 840 352 883 Latina,
393 842 495 885 quod
527 842 643 876 etiam
677 853 726 876 ex
753 842 827 876 alia
867 842 1140 878 observatione
1179 848 1351 886 apparet.
1402 842 1493 876 Ani-

203 896 428 931 madvertas
456 898 572 932 velim
599 899 674 942 leg.
703 898 805 942 Aug.
833 908 889 942 pr.
917 908 972 942 pr.
1001 898 1039 932 in
1067 897 1230 933 Graecis
1264 907 1493 942 expressum

203 963 291 987 esse
317 963 388 997 per
427 955 651 1000 [ἡγου]μένου
677 958 740 990 τοῦ
767 955 907 1000 ἔθνους,
947 955 1050 999 quod
1080 955 1390 998 supplementum
1416 964 1493 988 non

203 1014 264 1043 est
300 1019 369 1043 cur
404 1010 663 1053 repudiemus.
715 1011 824 1045 Haec
863 1016 994 1045 autem
1020 1010 1237 1055 designatio
1264 1015 1368 1044 certe
1395 1010 1493 1045 redit

203 1066 252 1101 ad
281 1066 468 1104 Graecos.
520 1067 619 1103 Nam
656 1068 693 1102 in
732 1067 852 1103 titulis
885 1068 1050 1113 publicis
1085 1067 1346 1102 Romanorum
1380 1067 1494 1102 huius

203 1123 456 1166 magistratus
510 1124 716 1167 appellatio
771 1124 924 1159 Graeca
980 1125 1078 1158 solet
1135 1133 1223 1158 esse
1275 1124 1494 1167 πρεσβευτὴς

203 1181 386 1223 Σεβαστοῦ
413 1180 691 1225 ἀντιστράτηγος
732 1181 794 1215 vel
834 1182 1053 1225 πρεσβευτὴς
1093 1182 1276 1225 Σεβαστοῦ
1313 1181 1369 1216 καὶ
1405 1179 1494 1215 ἀντι-

203 1236 402 1281 στράτηγος
429 1238 493 1271 vel
520 1237 655 1272 similis
665 1240 705 1283 ι);
751 1244 886 1272 eontra
925 1238 1089 1281 simplex
1128 1238 1267 1281 ἡγεμὼν
1293 1237 1357 1271 vel
1392 1236 1495 1280 ἡγού-

203 1304 309 1335 μενος
353 1294 400 1327 ad
445 1293 744 1337 significandum
787 1293 878 1328 illud
921 1293 1103 1337 officium,
1144 1297 1330 1337 quantum
1370 1292 1494 1340 video,

203 1358 279 1382 non
307 1348 381 1383 nisi
408 1349 510 1394 apud
543 1349 753 1394 scriptores
785 1349 960 1385 Graecos
986 1349 1177 1394 reperitur
1213 1354 1278 1384 aut
1306 1348 1344 1383 in
1374 1348 1494 1383 titulis

203 1405 329 1440 minus
366 1406 529 1449 publicis
566 1412 633 1441 aut
668 1407 907 1441 Graecorum
944 1406 1207 1441 sollemnibuS.
1270 1405 1495 1440 Statuamus

203 1461 320 1504 igitur
359 1461 397 1495 in
437 1462 558 1497 titulis
593 1462 829 1507 bilinguibus
865 1461 1046 1506 operibus
1085 1461 1249 1505 publicis
1288 1471 1387 1495 aevo
1430 1460 1495 1494 im-

203 1517 398 1560 peratorio
424 1517 628 1562 insculptis
655 1519 687 1552 si
714 1518 996 1562 discrepantiae
1024 1518 1226 1561 graviores
1253 1517 1496 1552 intercedunt

203 1573 303 1607 inter
329 1572 482 1608 Graeca
521 1579 637 1618 atque
664 1574 813 1619 Latina,
853 1575 926 1608 hoc
965 1574 1053 1608 inde
1088 1573 1357 1617 explicandum
1396 1582 1495 1616 esse,

204 1629 307 1673 quod
333 1629 433 1664 duae
459 1635 591 1673 partes
618 1640 694 1665 non
721 1630 884 1665 eandem
923 1631 1068 1665 habent
1107 1629 1307 1674 originem,
1349 1629 1496 1664 scilicet

165 1707 168 1711 ,
204 1686 357 1720 Graeca
376 1696 424 1720 ex
443 1686 601 1721 officina
619 1687 759 1730 prodiit
778 1687 941 1732 Graeca,
966 1686 1106 1720 Latina
1132 1691 1263 1721 autem
1291 1707 1332 1712 —
1362 1685 1452 1719 licet
1471 1695 1493 1719 a

204 1741 367 1776 Graecis
406 1743 620 1787 composita
659 1743 709 1778 sit
747 1749 812 1778 aut
839 1742 1024 1778 Romanis
1055 1764 1091 1769 -
1124 1742 1172 1777 ad
1199 1742 1398 1786 exemplar
1424 1742 1495 1776 sol-

204 1799 330 1833 lemne
357 1799 456 1834 redit
482 1799 663 1835 officinae
682 1800 891 1835 Romanae.
944 1799 1161 1842 Quaeritur,
1189 1799 1343 1843 quando
1369 1799 1496 1833 huius-

205 1855 307 1889 modi
335 1855 556 1890 discrimina
595 1856 633 1890 in
660 1856 780 1890 titulis
807 1855 950 1890 nostris
977 1855 1053 1889 iam
1081 1854 1331 1898 reperiantur.
1388 1855 1497 1890 Haec

205 1911 382 1955 quaestio
408 1911 566 1946 maximi
592 1912 776 1946 momenti
804 1918 863 1946 est
890 1921 966 1945 non
993 1911 1118 1945 solum
1150 1911 1199 1945 ad
1225 1910 1496 1954 inscriptiones

205 1967 399 2011 bilingues
435 1974 540 2001 recte
579 1968 842 2012 explicandas,
879 1967 948 2001 sed
988 1967 1104 2001 etiam
1139 1972 1356 2010 propterea,
1394 1966 1497 2009 quod

204 2023 279 2056 hoc
305 2023 419 2057 modo
447 2023 542 2058 certi
568 2023 789 2068 argumenti
815 2022 959 2058 auxilio
985 2023 1251 2058 demonstrare
1277 2031 1496 2066 possumuS,

206 2090 254 2114 ex
282 2089 358 2123 quo
398 2085 572 2123 tempore
613 2090 731 2124 opera
770 2079 925 2124 publica
951 2079 1249 2123 provinciarum,
1290 2078 1496 2122 praecipue

205 2136 357 2170 viarum
397 2141 578 2180 stratura,
619 2146 642 2170 a
682 2136 950 2170 communibus
987 2135 1259 2179 suscipiantur.
1311 2134 1389 2171 Sed
1415 2133 1497 2168 mit-

329 2323 357 2357 1)
376 2324 410 2352 cs.
432 2324 469 2352 D.
491 2323 599 2359 Magie,
632 2323 678 2350 De
700 2323 902 2350 Romanorum
933 2322 1002 2351 iuris
1034 2321 1148 2357 publici
1179 2322 1313 2357 sacrique
1346 2321 1496 2349 vocabulis

207 2370 400 2398 sollemnibus
421 2370 452 2397 in
473 2370 615 2398 Graecum
636 2378 797 2397 sermonem
818 2369 970 2406 conversis,
990 2369 1108 2405 Lipsiae
1133 2375 1206 2404 1905
1229 2377 1257 2404 p.
1273 2367 1320 2402 87.
