1655 2789
747 177 940 206 —46—

192 274 301 318 fecit;
338 274 428 318 quia
446 283 524 308 non
551 274 626 309 nisi
651 274 775 318 primo
802 282 841 309 et
867 275 981 309 tertio
1007 274 1122 309 modo
1149 284 1361 319 expressae
1379 279 1488 309 sunt:

196 330 331 364 merito
349 333 526 372 merente,
544 330 633 365 bene
651 330 825 373 merenti,
851 332 940 366 bene
957 330 1105 373 merito,
1131 330 1267 366 merito
1282 331 1490 376 (meretod),

196 387 340 420 donum
367 386 485 429 dedit,
511 386 626 422 dedit.
674 386 882 421 Formulae
908 387 1032 421 tribus
1060 386 1185 421 modis
1212 396 1422 431 expressae
1448 390 1491 420 ut

196 442 244 476 de
271 441 420 486 origine
447 442 727 485 examinentur,
754 442 831 476 iam
849 452 969 486 supra
994 442 1199 477 statuimus
1226 440 1490 486 quaerendum

196 508 296 541 esse,
343 503 430 532 uter
471 498 610 532 modus
653 498 757 542 prior
800 498 926 542 suerit,
969 508 1039 542 per
1086 498 1398 534 substitutionem
1440 507 1491 533 an

196 564 266 598 per
292 554 587 589 translationem
619 554 757 590 factus.
828 554 957 599 Atque
1001 564 1089 589 cum
1131 555 1296 598 primum
1328 554 1490 604 xmodurn

197 610 386 645 reddendi
411 619 530 654 supra
557 610 769 645 viderimus
804 621 892 646 esse
919 611 1184 657 vetustiorem,
1224 604 1409 655 sequitur,
1448 615 1491 645 ut

197 667 271 702 hae
311 675 465 712 quoque
504 667 692 702 formulae
731 677 808 702 non
847 667 923 703 sint
962 678 985 703 a
1023 667 1208 703 Romanis
1247 677 1296 702 ex
1328 667 1491 702 Graecis

197 728 439 767 assumptae:
467 727 601 758 votum
627 723 757 766 solvit,
782 724 845 758 hic
870 725 974 759 situs
1000 727 1067 767 est,
1093 724 1170 758 Dis
1183 723 1383 760 Manibus,
1409 723 1490 758 Iam

196 780 312 814 venio
339 779 390 814 ad
416 790 495 824 eas,
523 790 623 824 quae
649 790 726 814 non
752 780 827 815 nisi
844 780 968 825 prima
986 785 1025 815 et
1043 780 1215 815 secunda
1232 780 1381 815 ratione
1400 784 1491 816 sunt

198 836 383 874 redditae.
437 837 534 872 Sunt
573 843 703 872 autem
742 837 835 872 hae:
875 838 1035 881 benefici
1070 847 1162 881 ergo
1188 840 1350 883 (causa),
1393 836 1492 871 beni·

199 893 389 929 volentiae
414 903 547 941 causa,
587 894 747 928 honoris
773 903 908 937 causa,
933 893 995 928 hic
1020 894 1199 938 sepultus
1225 897 1292 930 est.
1343 893 1404 928 De
1430 892 1490 928 his

199 960 353 995 quoque
380 949 556 985 similiter
581 955 698 995 atque
725 950 772 985 de
800 951 1120 986 antecedentibus
1157 950 1363 995 quaeritur,
1403 955 1491 985 utra

198 1008 297 1041 ratio
325 1007 514 1040 vetustior
541 1007 606 1050 sit;
634 1007 703 1040 sed
731 1009 910 1051 exempla
936 1012 1014 1041 tam
1041 1017 1131 1041 rara
1157 1012 1258 1049 sunt,
1285 1011 1328 1040 ut
1345 1006 1490 1050 aliquid

198 1062 295 1097 certi
321 1072 371 1096 ex
396 1062 443 1096 iis
471 1063 704 1097 concludere
730 1072 808 1097 non
834 1063 970 1099 ausim.
1015 1064 1143 1106 Quare
1170 1067 1415 1097 transeamus
1440 1062 1489 1097 ad

198 1118 386 1153 formulas
412 1128 482 1162 per
508 1118 801 1153 translationem
828 1122 978 1153 tantum
1005 1128 1223 1163 expressas.
1263 1118 1323 1153 De
1350 1118 1490 1163 quibus

199 1184 319 1218 supra
343 1174 421 1208 iam
448 1174 615 1208 diximus
642 1174 907 1218 quaerendum
948 1184 1035 1209 esse
1062 1174 1111 1208 ad
1138 1174 1394 1208 definiendam
1420 1173 1490 1208 ori—

200 1230 342 1274 ginem,
369 1234 456 1264 utra
484 1229 735 1264 formularum
765 1239 856 1274 pars
883 1229 1077 1274 antiquior
1102 1229 1229 1274 fuerit,
1266 1230 1405 1265 Latina
1440 1238 1489 1264 an

201 1286 364 1322 Graeca.
394 1286 524 1330 Atque
550 1286 699 1321 initium
725 1286 915 1321 faciamus
942 1296 966 1321 a
991 1286 1168 1321 formulis
1194 1287 1293 1321 have
1323 1291 1361 1320 et
1390 1287 1488 1321 vale.

198 1342 259 1377 De
286 1342 426 1387 quibus
453 1342 706 1377 dubitandum
732 1353 808 1377 non
837 1347 906 1384 est,
933 1342 1023 1387 quin
1051 1343 1214 1377 redeant
1240 1343 1288 1377 ad
1304 1342 1488 1377 Graecos.

198 1399 296 1433 Nam
315 1403 519 1443 utramque
538 1399 743 1433 formulam
760 1399 938 1434 videmus
956 1409 1027 1442 per
1042 1399 1234 1433 Graecam
1252 1402 1351 1443 χαῖρε
1369 1399 1491 1433 reddi-

199 1459 278 1489 tam
306 1464 394 1489 esse
431 1458 650 1498 (praeterea
675 1455 763 1489 vale
788 1464 858 1498 per
884 1455 1024 1498 ἔρρωσο
1054 1455 1093 1489 in
1119 1455 1230 1489 titulo
1266 1466 1301 1491 a.
1328 1454 1490 1500 253s260

198 1520 234 1555 p.
253 1510 371 1556 Chr.),
399 1520 515 1555 quam
531 1520 649 1555 supra
675 1520 711 1554 p.
727 1510 773 1545 29
800 1510 1005 1545 statuimus
1031 1510 1109 1545 iam
1135 1520 1184 1544 ex
1210 1510 1323 1545 tertio
1350 1520 1383 1546 a.
1399 1509 1489 1547 Chr.

198 1567 356 1601 saeculo
382 1567 422 1600 in
448 1576 521 1601 usu
537 1566 658 1601 fuisse
677 1567 779 1610 apud
795 1566 979 1609 Graecos,
1007 1575 1095 1601 cum
1113 1576 1163 1600 ex
1188 1570 1321 1600 nostro
1347 1565 1490 1600 formu-

197 1624 323 1658 larum
350 1622 575 1658 Latinarum
603 1627 814 1667 conspectu
852 1633 890 1668 p.
917 1622 963 1657 22
1003 1627 1190 1668 appareat
1214 1622 1313 1657 have
1339 1622 1490 1657 etiamsi

197 1681 322 1714 bonae
349 1679 488 1715 aetatis
515 1680 575 1722 sit,
613 1685 743 1714 tamen
768 1679 976 1724 praecipue
1013 1689 1112 1714 aevo
1140 1680 1291 1713 demum
1328 1680 1490 1724 impera-

197 1737 297 1770 torio
325 1736 502 1770 adhiberi
528 1741 645 1780 atque
671 1737 769 1779 vale,
806 1736 839 1771 si
866 1736 958 1780 quid
984 1746 1033 1770 ex
1060 1735 1181 1770 titulis
1206 1736 1349 1771 nostris
1377 1737 1489 1771 debe-

197 1802 284 1827 mus
312 1792 558 1838 concludere,
596 1793 810 1836 posteriore
850 1792 1005 1826 demum
1031 1798 1205 1836 tempore
1231 1792 1489 1836 imperatorio.

197 1849 296 1883 Cum
321 1848 497 1883 formulis
524 1849 623 1882 have
649 1854 687 1882 et
713 1849 800 1882 vale
825 1848 1059 1891 coniungam
1084 1848 1204 1891 salve,
1242 1858 1342 1892 quae
1368 1850 1489 1883 accla-

197 1905 315 1939 matio
355 1913 589 1949 quamquam
629 1904 801 1939 secundo
841 1908 880 1938 et
917 1903 1031 1938 tertio
1057 1904 1172 1938 modo
1204 1913 1392 1948 expressa
1418 1910 1489 1947 est,

198 1960 374 1995 similiter
413 1965 530 2005 atque
566 1961 656 1995 illae
684 1961 783 1995 duae
820 1960 1008 1994 formulae
1035 1960 1196 1995 imitatio
1223 1970 1310 1995 esse
1336 1960 1491 1995 videtur

198 2026 292 2051 usus
308 2017 460 2053 Graeci.
495 2017 593 2051 Nam
613 2026 767 2061 semper
784 2016 935 2051 reddita
961 2021 1021 2050 est
1046 2026 1116 2060 per
1141 2020 1242 2061 χαῖρε
1268 2017 1332 2051 vel
1358 2019 1488 2061 χρηστὲ

197 2077 297 2118 χαῖρε
323 2079 478 2118 praeter
516 2074 592 2108 duo
619 2074 797 2117 exempla
835 2072 927 2109 CIL.
955 2073 970 2107 I
1001 2073 1093 2109 1256
1131 2073 1170 2108 in
1209 2082 1305 2117 agro
1332 2072 1490 2108 Atinate

197 2130 356 2174 Pompei
383 2130 515 2174 Magni
542 2135 670 2165 aetate
697 2140 779 2174 pos.
808 2135 846 2164 et
873 2129 963 2166 CIL.
991 2129 1041 2164 111
1073 2130 1169 2165 7545
1195 2129 1327 2164 Tomis
1354 2130 1490 2164 eadem

196 2185 279 2221 fere
319 2191 446 2221 aetate
486 2196 635 2223 conscr.
677 2195 753 2230 qua
795 2186 983 2230 plurimae
1025 2186 1307 2230 inscriptiones,
1349 2185 1488 2230 quibus

196 2242 363 2277 formula
387 2243 497 2277 salve
523 2243 633 2286 inest,
662 2242 809 2277 scilicet
835 2243 936 2276 bono
963 2252 1063 2276 aevo
1089 2242 1178 2286 imp.
1223 2242 1344 2276 Recte
1371 2242 1490 2286 igitur

197 2299 247 2336 M.
287 2299 479 2343 Siebourg
518 2299 557 2333 in
596 2298 931 2344 commentatione,
971 2308 1071 2343 quae
1108 2298 1339 2335 inscribitur.
1393 2298 1489 2333 Eine

198 2355 442 2401 griechische
470 2356 743 2390 Akklamation
781 2357 839 2390 als
877 2355 1168 2399 prfermarke,
1207 2355 1362 2389 Bonner
1383 2356 1489 2400 Jahr-
