1655 2789
707 192 900 221 -65-

260 293 402 337 ltalia:
455 291 625 335 Capuae.
667 290 758 326 CIL.
785 289 823 324 X
849 288 957 325 3812.
1007 288 1164 322 Nemesi
1200 288 1444 323 Cammarius

163 351 362 388 Arrianus.
390 348 430 392 in
456 347 596 391 oppido
613 346 736 381 Ponte
755 345 893 381 Corvo.
920 345 1012 380 CIL.
1028 344 1062 379 X
1079 344 1187 381 5385.
1213 344 1370 379 Herculi
1396 344 1444 379 ab

160 407 314 444 homine
339 405 515 440 Romano
534 406 580 438 ‘et
606 403 770 445 Graeco,
798 402 899 436 illius
925 402 1076 437 liberto.
1133 406 1135 409 ’

283 467 286 470 ’
315 461 494 497 ,Romae
521 460 612 495 CIL.
642 458 694 493 VI
720 457 802 494 532.
830 457 986 492 Nemesi
1012 457 1188 493 Hermes.

335 517 493 552 Romae.
514 515 604 550 CIL.
625 514 678 549 VI
697 514 780 550 509.
804 513 953 547 dicatur
967 512 1184 547 aPetronio
1195 513 1445 556 Apollodoro.

279 573 420 608 Gallia:
447 572 485 605 in
512 572 600 605 vico
626 570 839 604 Mosellano
865 569 1310 605 Pommern.1G.X1V
1336 568 1444 604 2562.

165 632 272 666 Leno
287 628 402 664 Marti
428 626 634 671 Tychicus.
708 627 710 629 ’

279 684 378 719 Deli.
406 683 498 719 CIL.
525 684 574 717 III
606 682 753 725 14203³.
804 682 887 716 Iovi
912 681 1053 715 Libero
1080 691 1103 715 a
1130 680 1292 715 Graecis
1319 689 1446 714 manu-

164 741 303 778 missis.

278 767 378 832 Deli.
404 795 497 831 CIL.
516 796 565 829 III
589 794 736 830 142035.
763 804 787 829 a
812 793 997 828 Romanis
1024 798 1062 828 et
1080 792 1243 856 Graecis
1269 793 1448 836 scriptus.

210 851 466 888 Honoratiis:

277 908 403 943 Italia:
421 906 579 943 Romae.
599 907 690 944 CIL.
709 906 759 942 VI
775 906 908 942 10091.
927 906 1110 950 Quintum
1125 905 1263 940 Iulium
1275 904 1448 940 Miletum

163 964 455 1001 marmorarium
482 963 669 1008 discipuli.

280 1021 448 1056 Achaia:
493 1020 669 1057 Athenis.
710 1021 802 1057 CIL.
828 1022 878 1056 III
909 1020 1072 1056 1420317.
1115 1020 1309 1063 quendam
1342 1028 1449 1063 prae-

163 1085 285 1113 torem
310 1077 483 1112 Atticum
510 1077 559 1112 M.
586 1077 747 1111 Porcius
775 1076 883 1119 Cato,
909 1077 1026 1111 homo
1052 1077 1261 1112 Romanus,
1301 1076 1307 1079 ’
1450 1100 1491 1123 q

277 1133 465 1177 Phrygia:
493 1131 626 1169 Dina'r.
654 1133 745 1169 CIL.
772 1132 977 1168 11112241.
1004 1138 1222 1178 patronum,
1249 1133 1450 1167 consulem

163 1190 389 1232 Romanum,
417 1188 558 1223 Graeci
584 1188 769 1224 nonnulli.

183 1244 327 1280 Aliis:
354 1244 496 1279 tabulis
523 1250 739 1281 ventorum.
766 1244 829 1280 IG.
848 1244 941 1279 XIV
972 1245 1044 1279 906
1075 1249 1113 1278 et
1147 1221 1249 1279 1308.
1302 1243 1449 1277 Romae

163 1307 200 1335 et
227 1301 396 1337 Caietae.

282 1388 456 1424 Titulis
482 1390 675 1434 publice
702 1387 885 1434 positis:

278 1453 403 1487 Italia:
437 1453 594 1489 Romae.
622 1454 713 1489 CIL.
741 1453 794 1487 VI
821 1453 959 1489 30928.
999 1463 1021 1486 a
1048 1453 1200 1491 Graeca
1227 1451 1384 1486 civitate
1409 1451 1448 1486 in

164 1506 352 1551 Capitolio
378 1509 538 1552 positus.

338 1565 511 1613 Neapoli.
539 1565 629 1601 CIL.
657 1565 695 1599 X
725 1566 829 1600 1481.

281 1620 435 1655 Africa:
463 1620 686 1657 Madaurae.
713 1621 804 1656 CIL.
832 1620 920 1655 VIII
947 1621 1055 1656 4677.
1425 1660 1431 1665 ,

164 1676 337 1720 Apparet
361 1676 547 1721 plurimos
573 1677 704 1712 titulos
732 1677 939 1721 dispositos
965 1687 1053 1712 esse
1080 1687 1125 1711 eo
1152 1677 1297 1723 ordine,
1335 1668 1448 1721 quem

164 1733 317 1775 omnino
356 1733 540 1767 tenebant
566 1733 723 1776 linguae
753 1734 792 1767 in
823 1733 983 1777 imperio
1011 1733 1184 1768 Romano
1193 1737 1235 1777 ¹);
1267 1739 1309 1767 ut
1339 1742 1449 1768 accu-

163 1788 284 1823 ratius
315 1789 452 1833 dicam,
502 1789 666 1833 primum
693 1790 820 1824 locum
847 1794 952 1824 tenet
982 1789 1132 1838 Latina,
1172 1789 1262 1834 quia
1297 1789 1448 1833 publice

164 1844 432 1880 dominabatur
460 1846 557 1879 haec
587 1844 731 1889 lingua,
771 1851 888 1889 atque
914 1847 1110 1889 praecedit
1137 1846 1177 1880 in
1202 1846 1448 1889 trilinguibus

164 1899 315 1936 Graeca
357 1902 558 1946 barbarae,
612 1902 702 1947 quia
741 1903 970 1937 auctoritate
1013 1907 1051 1937 et
1095 1907 1289 1937 momento
1331 1902 1448 1947 longe

164 1959 386 1999 praestabat
421 1959 511 1992 huic
550 1959 728 1994 sermoni.
780 1959 910 2002 Atque
949 1959 1022 1992 hoc
1059 1959 1107 1992 ad
1144 1968 1279 1992 omnes
1316 1958 1448 2001 titulos

164 2019 316 2048 nostros
375 2019 546 2060 spectat,
611 2015 675 2058 qui
726 2015 878 2058 publice
929 2025 953 2049 a
1004 2014 1188 2049 Romanis
1239 2015 1448 2059 conscripti

165 2072 298 2115 sunt2).
365 2071 476 2115 Quod
520 2076 648 2106 autem
692 2071 857 2119 pertinet
900 2071 946 2105 ad
992 2070 1206 2115 trilingues,
1250 2071 1450 2116 inscriptio

290 2188 316 2220 1)
337 2189 365 2222 J.
378 2188 588 2222 Gildemeister,
609 2196 682 2214 mus.
704 2187 802 2215 Rhen.
823 2187 880 2215 vol.
901 2188 963 2215 XX
985 2186 1086 2222 (¹865)
1107 2196 1136 2222 p.
1156 2195 1199 2224 12,
1219 2187 1274 2216 Th.
1286 2189 1451 2214 Mommsen

167 2229 239 2259 CIL.
261 2232 305 2259 111
325 2242 353 2268 p.
375 2240 403 2270 3,
425 2234 460 2263 Ο.
482 2233 647 2260 Hirschfeld
663 2233 697 2260 ,in
718 2237 771 2260 act.
794 2233 871 2261 acad.
893 2233 1018 2261 Berolin.
1043 2233 1117 2266 1896
1139 2243 1166 2268 p.
1189 2240 1257 2268 479.

281 2279 311 2316 2)
332 2279 429 2315 Quare
450 2285 525 2308 certe
546 2289 563 2308 a
584 2289 652 2307 vero
674 2279 816 2308 aberravit
836 2280 875 2309 R.
887 2279 1011 2308 Kekule
1032 2280 1070 2308 de
1090 2280 1266 2318 Stradonitz,
1288 2285 1342 2310 act.
1364 2281 1444 2310 acad.

164 2323 290 2354 Berolin.
315 2333 389 2361 1900
409 2337 437 2364 p.
462 2334 525 2361 107.
566 2328 673 2362 Agitur
694 2327 730 2356 de
760 2326 846 2354 titulo
868 2327 963 2356 Mileti
994 2332 1126 2363 reperto3
1156 2328 1187 2354 in
1216 2328 1366 2364 principiis
1388 2328 1451 2355 viae

164 2378 263 2408 sacrae,
285 2382 358 2408 quae
379 2375 462 2401 duxit
482 2375 588 2401 Mileto
601 2375 745 2410 'Didyma,
777 2374 826 2400 hic
848 2378 876 2400 et
896 2374 957 2400 illic
978 2375 1080 2412 eodem
1102 2375 1293 2410 inscriptione
1326 2375 1451 2408 bilingui

1198 2430 1217 2461 5
