<?xml version="1.0" encoding="UTF-8"?>
<!DOCTYPE html PUBLIC "-//W3C//DTD XHTML 1.0 Transitional//EN"
    "http://www.w3.org/TR/xhtml1/DTD/xhtml1-transitional.dtd">
<html xmlns="http://www.w3.org/1999/xhtml" xml:lang="en" lang="en">
 <head>
  <title>
</title>
<meta http-equiv="Content-Type" content="text/html;charset=utf-8" />
  <meta name='ocr-system' content='tesseract 3.04.00' />
  <meta name='ocr-capabilities' content='ocr_page ocr_carea ocr_par ocr_line ocrx_word'/>
</head>
<body>
  <div class='ocr_page' id='page_1' title='image "4737799_0038.png"; bbox 0 0 1655 2789; ppageno 0'>
   <div class='ocr_carea' id='block_1_1' title="bbox 741 183 934 214">
    <p class='ocr_par' dir='ltr' id='par_1_1' title="bbox 741 183 934 214">
     <span class='ocr_line' id='line_1_1' title="bbox 741 183 934 214; baseline 0 -9"><span class='ocrx_word' id='word_1_1' title='bbox 741 183 934 214; x_wconf 66' lang='lat'>„32-</span> 
     </span>
    </p>
   </div>
   <div class='ocr_carea' id='block_1_2' title="bbox 199 282 1492 376">
    <p class='ocr_par' dir='ltr' id='par_1_2' title="bbox 199 282 1492 376">
     <span class='ocr_line' id='line_1_2' title="bbox 319 282 1492 328; baseline -0.003 -9"><span class='ocrx_word' id='word_1_2' title='bbox 319 284 411 319; x_wconf 86' lang='grc' dir='ltr'>Κατὰ</span> <span class='ocrx_word' id='word_1_3' title='bbox 441 284 663 328; x_wconf 88' lang='grc' dir='ltr'>πρόσταγμα.</span> <span class='ocrx_word' id='word_1_4' title='bbox 717 283 808 319; x_wconf 93' lang='lat' dir='ltr'>CIL.</span> <span class='ocrx_word' id='word_1_5' title='bbox 835 284 868 318; x_wconf 92' lang='lat' dir='ltr'>X</span> <span class='ocrx_word' id='word_1_6' title='bbox 894 283 999 318; x_wconf 87' lang='lat'>7856.</span> <span class='ocrx_word' id='word_1_7' title='bbox 1052 283 1091 317; x_wconf 91' lang='lat' dir='ltr'>in</span> <span class='ocrx_word' id='word_1_8' title='bbox 1125 282 1315 318; x_wconf 86' lang='lat' dir='ltr'>Sardinia.</span> <span class='ocrx_word' id='word_1_9' title='bbox 1367 292 1398 316; x_wconf 93' lang='lat' dir='ltr'>c.</span> <span class='ocrx_word' id='word_1_10' title='bbox 1420 282 1492 317; x_wconf 88' lang='grc'>200</span> 
     </span>
     <span class='ocr_line' id='line_1_3' title="bbox 199 339 345 376; baseline 0.014 -2"><span class='ocrx_word' id='word_1_11' title='bbox 199 350 233 374; x_wconf 87' lang='lat' dir='ltr'>a.</span> <span class='ocrx_word' id='word_1_12' title='bbox 254 339 345 376; x_wconf 88' lang='lat' dir='ltr'>Chr.</span> 
     </span>
    </p>
   </div>
   <div class='ocr_carea' id='block_1_3' title="bbox 205 405 1490 508">
    <p class='ocr_par' dir='ltr' id='par_1_3' title="bbox 205 405 1490 508">
     <span class='ocr_line' id='line_1_4' title="bbox 312 405 1490 454; baseline -0.003 -12"><span class='ocrx_word' id='word_1_13' title='bbox 312 408 445 454; x_wconf 84' lang='grc' dir='ltr'>Ἀγαθῇ</span> <span class='ocrx_word' id='word_1_14' title='bbox 472 406 569 453; x_wconf 87' lang='grc' dir='ltr'>τύχῃ.</span> <span class='ocrx_word' id='word_1_15' title='bbox 599 406 689 441; x_wconf 93' lang='lat' dir='ltr'>CIL.</span> <span class='ocrx_word' id='word_1_16' title='bbox 710 406 861 445; x_wconf 83' lang='lat'>111762,</span> <span class='ocrx_word' id='word_1_17' title='bbox 894 405 1033 441; x_wconf 88' lang='lat' dir='ltr'>Odessi</span> <span class='ocrx_word' id='word_1_18' title='bbox 1059 405 1193 451; x_wconf 84' lang='lat' dir='ltr'>(Moes.</span> <span class='ocrx_word' id='word_1_19' title='bbox 1222 405 1315 450; x_wconf 87' lang='lat' dir='ltr'>inf.).</span> <span class='ocrx_word' id='word_1_20' title='bbox 1349 415 1385 449; x_wconf 93' lang='lat' dir='ltr'>p.</span> <span class='ocrx_word' id='word_1_21' title='bbox 1401 405 1490 440; x_wconf 88' lang='lat' dir='ltr'><strong>Chr.</strong></span> 
     </span>
     <span class='ocr_line' id='line_1_5' title="bbox 205 462 1279 508; baseline -0.001 -11"><span class='ocrx_word' id='word_1_22' title='bbox 205 463 375 508; x_wconf 81' lang='lat' dir='ltr'>139s161.</span> <span class='ocrx_word' id='word_1_23' title='bbox 420 464 512 499; x_wconf 86' lang='lat' dir='ltr'><strong>CIL.</strong></span> <span class='ocrx_word' id='word_1_24' title='bbox 531 465 580 497; x_wconf 94' lang='lat' dir='ltr'>III</span> <span class='ocrx_word' id='word_1_25' title='bbox 600 463 683 499; x_wconf 88' lang='grc'>412.</span> <span class='ocrx_word' id='word_1_26' title='bbox 711 462 913 505; x_wconf 83' lang='lat' dir='ltr'><strong>Smyrnae.</strong></span> <span class='ocrx_word' id='word_1_27' title='bbox 941 472 976 505; x_wconf 89' lang='lat' dir='ltr'>p.</span> <span class='ocrx_word' id='word_1_28' title='bbox 996 462 1085 499; x_wconf 82' lang='lat' dir='ltr'>Chr.</span> <span class='ocrx_word' id='word_1_29' title='bbox 1105 462 1279 507; x_wconf 77' lang='lat' dir='ltr'>253s260.</span> 
     </span>
    </p>
   </div>
   <div class='ocr_carea' id='block_1_4' title="bbox 536 617 1158 659">
    <p class='ocr_par' dir='ltr' id='par_1_4' title="bbox 536 617 1158 659">
     <span class='ocr_line' id='line_1_6' title="bbox 536 617 1158 659; baseline -0.003 -8"><span class='ocrx_word' id='word_1_30' title='bbox 536 627 570 659; x_wconf 87' lang='grc'>3.</span> <span class='ocrx_word' id='word_1_31' title='bbox 609 619 669 651; x_wconf 86' lang='lat' dir='ltr'>De</span> <span class='ocrx_word' id='word_1_32' title='bbox 695 618 878 651; x_wconf 85' lang='lat' dir='ltr'>formulis</span> <span class='ocrx_word' id='word_1_33' title='bbox 905 617 1158 659; x_wconf 80' lang='lat' dir='ltr'>bilinguibus.</span> 
     </span>
    </p>
   </div>
   <div class='ocr_carea' id='block_1_5' title="bbox 201 694 1531 1400">
    <p class='ocr_par' dir='ltr' id='par_1_5' title="bbox 201 694 1531 1400">
     <span class='ocr_line' id='line_1_7' title="bbox 319 694 1490 738; baseline 0.001 -10"><span class='ocrx_word' id='word_1_34' title='bbox 319 695 394 738; x_wconf 87' lang='lat' dir='ltr'>Qui</span> <span class='ocrx_word' id='word_1_35' title='bbox 421 694 606 728; x_wconf 90' lang='lat' dir='ltr'>formulas</span> <span class='ocrx_word' id='word_1_36' title='bbox 630 694 790 729; x_wconf 81' lang='lat' dir='ltr'>Latinas</span> <span class='ocrx_word' id='word_1_37' title='bbox 817 694 1110 738; x_wconf 89' lang='lat' dir='ltr'>inscriptionum</span> <span class='ocrx_word' id='word_1_38' title='bbox 1137 694 1367 738; x_wconf 88' lang='lat' dir='ltr'>bilinguium</span> <span class='ocrx_word' id='word_1_39' title='bbox 1394 704 1490 729; x_wconf 92' lang='lat' dir='ltr'>com-</span> 
     </span>
     <span class='ocr_line' id='line_1_8' title="bbox 201 750 1493 794; baseline 0 -10"><span class='ocrx_word' id='word_1_40' title='bbox 201 751 399 794; x_wconf 84' lang='lat' dir='ltr'>paraverit</span> <span class='ocrx_word' id='word_1_41' title='bbox 426 760 514 785; x_wconf 89' lang='lat' dir='ltr'>eum</span> <span class='ocrx_word' id='word_1_42' title='bbox 529 750 703 793; x_wconf 88' lang='lat' dir='ltr'>Graecis,</span> <span class='ocrx_word' id='word_1_43' title='bbox 730 751 855 785; x_wconf 87' lang='lat' dir='ltr'>tribus</span> <span class='ocrx_word' id='word_1_44' title='bbox 883 750 1006 784; x_wconf 91' lang='lat' dir='ltr'>modis</span> <span class='ocrx_word' id='word_1_45' title='bbox 1033 760 1101 784; x_wconf 87' lang='lat' dir='ltr'>eas</span> <span class='ocrx_word' id='word_1_46' title='bbox 1128 751 1300 785; x_wconf 86' lang='lat' dir='ltr'>redditas</span> <span class='ocrx_word' id='word_1_47' title='bbox 1328 760 1415 784; x_wconf 91' lang='lat' dir='ltr'>esse</span> <span class='ocrx_word' id='word_1_48' title='bbox 1442 751 1493 784; x_wconf 93' lang='lat' dir='ltr'>in-</span> 
     </span>
     <span class='ocr_line' id='line_1_9' title="bbox 201 805 1492 850; baseline 0 -10"><span class='ocrx_word' id='word_1_49' title='bbox 201 807 343 841; x_wconf 91' lang='lat' dir='ltr'>veniet.</span> <span class='ocrx_word' id='word_1_50' title='bbox 382 806 681 850; x_wconf 85' lang='lat' dir='ltr'>Nonnumquam</span> <span class='ocrx_word' id='word_1_51' title='bbox 699 806 737 840; x_wconf 93' lang='lat' dir='ltr'>in</span> <span class='ocrx_word' id='word_1_52' title='bbox 757 806 894 840; x_wconf 90' lang='lat' dir='ltr'>Latina</span> <span class='ocrx_word' id='word_1_53' title='bbox 913 812 1022 849; x_wconf 87' lang='lat' dir='ltr'>parte</span> <span class='ocrx_word' id='word_1_54' title='bbox 1040 805 1207 840; x_wconf 87' lang='lat' dir='ltr'>formula</span> <span class='ocrx_word' id='word_1_55' title='bbox 1225 811 1365 848; x_wconf 85' lang='lat' dir='ltr'>exstat,</span> <span class='ocrx_word' id='word_1_56' title='bbox 1393 816 1492 850; x_wconf 91' lang='lat' dir='ltr'>quae</span> 
     </span>
     <span class='ocr_line' id='line_1_10' title="bbox 201 861 1494 906; baseline 0 -9"><span class='ocrx_word' id='word_1_57' title='bbox 201 862 354 897; x_wconf 86' lang='lat' dir='ltr'>Graece</span> <span class='ocrx_word' id='word_1_58' title='bbox 372 862 486 905; x_wconf 90' lang='lat' dir='ltr'>plane</span> <span class='ocrx_word' id='word_1_59' title='bbox 505 862 617 896; x_wconf 90' lang='lat' dir='ltr'>aliter</span> <span class='ocrx_word' id='word_1_60' title='bbox 635 871 823 906; x_wconf 84' lang='lat' dir='ltr'>expressa</span> <span class='ocrx_word' id='word_1_61' title='bbox 841 863 912 899; x_wconf 85' lang='lat' dir='ltr'>est.</span> <span class='ocrx_word' id='word_1_62' title='bbox 961 861 1008 896; x_wconf 93' lang='lat' dir='ltr'>Ut</span> <span class='ocrx_word' id='word_1_63' title='bbox 1030 863 1250 906; x_wconf 87' lang='lat' dir='ltr'>exemplum</span> <span class='ocrx_word' id='word_1_64' title='bbox 1267 872 1494 906; x_wconf 85' lang='lat' dir='ltr'>proponam,</span> 
     </span>
     <span class='ocr_line' id='line_1_11' title="bbox 202 918 1494 961; baseline -0.001 -8"><span class='ocrx_word' id='word_1_65' title='bbox 202 919 294 954; x_wconf 89' lang='lat' dir='ltr'>CIL.</span> <span class='ocrx_word' id='word_1_66' title='bbox 313 920 380 953; x_wconf 92' lang='lat' dir='ltr'>XII</span> <span class='ocrx_word' id='word_1_67' title='bbox 404 918 495 953; x_wconf 87' lang='lat'>1038</span> <span class='ocrx_word' id='word_1_68' title='bbox 522 919 561 952; x_wconf 91' lang='lat' dir='ltr'>in</span> <span class='ocrx_word' id='word_1_69' title='bbox 579 918 719 952; x_wconf 89' lang='lat' dir='ltr'>Latina</span> <span class='ocrx_word' id='word_1_70' title='bbox 745 924 855 961; x_wconf 84' lang='lat' dir='ltr'>parte</span> <span class='ocrx_word' id='word_1_71' title='bbox 882 928 968 952; x_wconf 89' lang='lat' dir='ltr'>cum</span> <span class='ocrx_word' id='word_1_72' title='bbox 989 918 1193 952; x_wconf 88' lang='lat' dir='ltr'>formulam</span> <span class='ocrx_word' id='word_1_73' title='bbox 1211 918 1291 953; x_wconf 84' lang='lat' dir='ltr'>heic</span> <span class='ocrx_word' id='word_1_74' title='bbox 1308 918 1412 952; x_wconf 85' lang='lat' dir='ltr'>situs</span> <span class='ocrx_word' id='word_1_75' title='bbox 1438 923 1494 953; x_wconf 81' lang='lat' dir='ltr'>est</span> 
     </span>
     <span class='ocr_line' id='line_1_12' title="bbox 202 973 1493 1017; baseline 0.002 -10"><span class='ocrx_word' id='word_1_76' title='bbox 202 975 391 1017; x_wconf 88' lang='lat' dir='ltr'>legamus,</span> <span class='ocrx_word' id='word_1_77' title='bbox 419 974 457 1007; x_wconf 91' lang='lat' dir='ltr'>in</span> <span class='ocrx_word' id='word_1_78' title='bbox 481 973 643 1007; x_wconf 90' lang='lat' dir='ltr'>Graecis</span> <span class='ocrx_word' id='word_1_79' title='bbox 670 983 747 1007; x_wconf 93' lang='lat' dir='ltr'>non</span> <span class='ocrx_word' id='word_1_80' title='bbox 775 974 984 1017; x_wconf 86' lang='lat' dir='ltr'>respondet</span> <span class='ocrx_word' id='word_1_81' title='bbox 1010 974 1136 1009; x_wconf 80' lang='grc' dir='ltr'>ἐνθάδε</span> <span class='ocrx_word' id='word_1_82' title='bbox 1163 977 1283 1017; x_wconf 84' lang='grc' dir='ltr'>κεῖται,</span> <span class='ocrx_word' id='word_1_83' title='bbox 1311 974 1380 1009; x_wconf 87' lang='lat' dir='ltr'>sed</span> <span class='ocrx_word' id='word_1_84' title='bbox 1408 975 1493 1008; x_wconf 92' lang='lat' dir='ltr'>sub-</span> 
     </span>
     <span class='ocr_line' id='line_1_13' title="bbox 202 1029 1494 1074; baseline 0 -10"><span class='ocrx_word' id='word_1_85' title='bbox 202 1029 338 1064; x_wconf 91' lang='lat' dir='ltr'>stituta</span> <span class='ocrx_word' id='word_1_86' title='bbox 374 1035 433 1064; x_wconf 89' lang='lat' dir='ltr'>est</span> <span class='ocrx_word' id='word_1_87' title='bbox 470 1029 697 1064; x_wconf 90' lang='lat' dir='ltr'>acclamatio</span> <span class='ocrx_word' id='word_1_88' title='bbox 735 1033 844 1074; x_wconf 87' lang='grc' dir='ltr'>χαῖρε.</span> <span class='ocrx_word' id='word_1_89' title='bbox 898 1029 940 1064; x_wconf 91' lang='lat' dir='ltr'>In</span> <span class='ocrx_word' id='word_1_90' title='bbox 967 1029 1053 1064; x_wconf 85' lang='lat' dir='ltr'>aliis</span> <span class='ocrx_word' id='word_1_91' title='bbox 1079 1035 1210 1064; x_wconf 89' lang='lat' dir='ltr'>autem</span> <span class='ocrx_word' id='word_1_92' title='bbox 1236 1031 1494 1065; x_wconf 86' lang='lat' dir='ltr'>monumentis</span> 
     </span>
     <span class='ocr_line' id='line_1_14' title="bbox 201 1085 1493 1128; baseline 0 -9"><span class='ocrx_word' id='word_1_93' title='bbox 201 1085 391 1120; x_wconf 82' lang='lat' dir='ltr'>formulae</span> <span class='ocrx_word' id='word_1_94' title='bbox 418 1086 467 1119; x_wconf 80' lang='lat' dir='ltr'>ad</span> <span class='ocrx_word' id='word_1_95' title='bbox 495 1086 657 1120; x_wconf 88' lang='lat' dir='ltr'>verbum</span> <span class='ocrx_word' id='word_1_96' title='bbox 676 1087 776 1120; x_wconf 88' lang='lat' dir='ltr'>inter</span> <span class='ocrx_word' id='word_1_97' title='bbox 802 1096 845 1119; x_wconf 94' lang='lat' dir='ltr'>se</span> <span class='ocrx_word' id='word_1_98' title='bbox 872 1086 1118 1128; x_wconf 90' lang='lat' dir='ltr'>respondent,</span> <span class='ocrx_word' id='word_1_99' title='bbox 1146 1091 1188 1119; x_wconf 93' lang='lat' dir='ltr'>ut</span> <span class='ocrx_word' id='word_1_100' title='bbox 1205 1085 1345 1119; x_wconf 87' lang='lat' dir='ltr'>Latina</span> <span class='ocrx_word' id='word_1_101' title='bbox 1370 1091 1493 1120; x_wconf 88' lang='lat' dir='ltr'>trans-</span> 
     </span>
     <span class='ocr_line' id='line_1_15' title="bbox 201 1140 1495 1189; baseline 0.001 -15"><span class='ocrx_word' id='word_1_102' title='bbox 201 1141 294 1174; x_wconf 86' lang='lat' dir='ltr'>latio</span> <span class='ocrx_word' id='word_1_103' title='bbox 320 1140 499 1174; x_wconf 87' lang='lat' dir='ltr'>videatur</span> <span class='ocrx_word' id='word_1_104' title='bbox 534 1150 621 1174; x_wconf 92' lang='lat' dir='ltr'>esse</span> <span class='ocrx_word' id='word_1_105' title='bbox 649 1140 825 1174; x_wconf 84' lang='lat' dir='ltr'>Graecae</span> <span class='ocrx_word' id='word_1_106' title='bbox 859 1141 922 1174; x_wconf 91' lang='lat' dir='ltr'>vel</span> <span class='ocrx_word' id='word_1_107' title='bbox 950 1140 1137 1189; x_wconf 55' lang='lat' dir='ltr'>invicem.</span> <span class='ocrx_word' id='word_1_108' title='bbox 1190 1140 1329 1175; x_wconf 85' lang='lat' dir='ltr'>Exstat</span> <span class='ocrx_word' id='word_1_109' title='bbox 1365 1146 1495 1176; x_wconf 90' lang='lat' dir='ltr'>autem</span> 
     </span>
     <span class='ocr_line' id='line_1_16' title="bbox 202 1196 1495 1242; baseline 0.002 -12"><span class='ocrx_word' id='word_1_110' title='bbox 202 1197 339 1230; x_wconf 89' lang='lat' dir='ltr'>tertius</span> <span class='ocrx_word' id='word_1_111' title='bbox 366 1197 504 1230; x_wconf 90' lang='lat' dir='ltr'>modus</span> <span class='ocrx_word' id='word_1_112' title='bbox 531 1196 730 1242; x_wconf 88' lang='lat' dir='ltr'>reddendi,</span> <span class='ocrx_word' id='word_1_113' title='bbox 770 1206 859 1230; x_wconf 92' lang='lat' dir='ltr'>eum</span> <span class='ocrx_word' id='word_1_114' title='bbox 886 1197 982 1240; x_wconf 77' lang='lat' dir='ltr'>dico,</span> <span class='ocrx_word' id='word_1_115' title='bbox 1023 1206 1098 1241; x_wconf 91' lang='lat' dir='ltr'>quo</span> <span class='ocrx_word' id='word_1_116' title='bbox 1133 1197 1172 1231; x_wconf 91' lang='lat' dir='ltr'>in</span> <span class='ocrx_word' id='word_1_117' title='bbox 1204 1197 1327 1231; x_wconf 84' lang='lat' dir='ltr'>altera</span> <span class='ocrx_word' id='word_1_118' title='bbox 1363 1198 1495 1242; x_wconf 87' lang='lat' dir='ltr'>lingua</span> 
     </span>
     <span class='ocr_line' id='line_1_17' title="bbox 203 1252 1531 1298; baseline 0.001 -12"><span class='ocrx_word' id='word_1_119' title='bbox 203 1252 368 1286; x_wconf 89' lang='lat' dir='ltr'>formula</span> <span class='ocrx_word' id='word_1_120' title='bbox 394 1262 582 1296; x_wconf 83' lang='lat' dir='ltr'>expressa</span> <span class='ocrx_word' id='word_1_121' title='bbox 603 1258 673 1298; x_wconf 88' lang='lat' dir='ltr'>est,</span> <span class='ocrx_word' id='word_1_122' title='bbox 701 1262 788 1287; x_wconf 90' lang='lat' dir='ltr'>cum</span> <span class='ocrx_word' id='word_1_123' title='bbox 808 1253 908 1287; x_wconf 85' lang='lat' dir='ltr'>desit</span> <span class='ocrx_word' id='word_1_124' title='bbox 927 1253 965 1286; x_wconf 91' lang='lat' dir='ltr'>in</span> <span class='ocrx_word' id='word_1_125' title='bbox 992 1254 1124 1287; x_wconf 84' lang='lat' dir='ltr'>altera.</span> <span class='ocrx_word' id='word_1_126' title='bbox 1178 1252 1258 1287; x_wconf 85' lang='lat' dir='ltr'>Iam</span> <span class='ocrx_word' id='word_1_127' title='bbox 1280 1253 1494 1294; x_wconf 79' lang='lat' dir='ltr'>videamus.</span> <span class='ocrx_word' id='word_1_128' title='bbox 1528 1269 1531 1273; x_wconf 94' lang='lat'>·</span> 
     </span>
     <span class='ocr_line' id='line_1_18' title="bbox 204 1309 1496 1354; baseline 0.002 -12"><span class='ocrx_word' id='word_1_129' title='bbox 204 1309 294 1352; x_wconf 93' lang='lat' dir='ltr'>quid</span> <span class='ocrx_word' id='word_1_130' title='bbox 329 1309 376 1342; x_wconf 89' lang='lat' dir='ltr'>de</span> <span class='ocrx_word' id='word_1_131' title='bbox 408 1309 468 1343; x_wconf 92' lang='lat' dir='ltr'>his</span> <span class='ocrx_word' id='word_1_132' title='bbox 503 1309 667 1353; x_wconf 88' lang='lat' dir='ltr'>singulis</span> <span class='ocrx_word' id='word_1_133' title='bbox 699 1309 824 1343; x_wconf 90' lang='lat' dir='ltr'>modis</span> <span class='ocrx_word' id='word_1_134' title='bbox 851 1314 1022 1344; x_wconf 88' lang='lat' dir='ltr'>statuere</span> <span class='ocrx_word' id='word_1_135' title='bbox 1050 1309 1253 1353; x_wconf 86' lang='lat' dir='ltr'>possimus.</span> <span class='ocrx_word' id='word_1_136' title='bbox 1307 1309 1496 1354; x_wconf 86' lang='lat' dir='ltr'>Exempla</span> 
     </span>
     <span class='ocr_line' id='line_1_19' title="bbox 204 1366 590 1400; baseline 0.003 -1"><span class='ocrx_word' id='word_1_137' title='bbox 204 1370 333 1399; x_wconf 88' lang='lat' dir='ltr'>autem</span> <span class='ocrx_word' id='word_1_138' title='bbox 361 1371 451 1400; x_wconf 93' lang='lat' dir='ltr'>sunt</span> <span class='ocrx_word' id='word_1_139' title='bbox 478 1366 590 1400; x_wconf 85' lang='lat' dir='ltr'>haec:</span> 
     </span>
    </p>
   </div>
   <div class='ocr_carea' id='block_1_6' title="bbox 618 1497 1084 1529">
    <p class='ocr_par' dir='ltr' id='par_1_6' title="bbox 618 1497 1084 1529">
     <span class='ocr_line' id='line_1_20' title="bbox 618 1497 1084 1529; baseline 0.002 -2"><span class='ocrx_word' id='word_1_140' title='bbox 618 1497 642 1527; x_wconf 92' lang='lat'>1.</span> <span class='ocrx_word' id='word_1_141' title='bbox 668 1497 740 1529; x_wconf 79' lang='lat' dir='ltr'>Por</span> <span class='ocrx_word' id='word_1_142' title='bbox 761 1497 1084 1529; x_wconf 74' lang='lat' dir='ltr'>substitutionem.</span> 
     </span>
    </p>
   </div>
   <div class='ocr_carea' id='block_1_7' title="bbox 754 1578 949 1609">
    <p class='ocr_par' dir='ltr' id='par_1_7' title="bbox 754 1578 949 1609">
     <span class='ocr_line' id='line_1_21' title="bbox 754 1578 949 1609; baseline 0 -1"><span class='ocrx_word' id='word_1_143' title='bbox 754 1587 778 1608; x_wconf 93' lang='lat'>1.</span> <span class='ocrx_word' id='word_1_144' title='bbox 804 1578 949 1609; x_wconf 86' lang='lat' dir='ltr'>Votiva.</span> 
     </span>
    </p>
   </div>
   <div class='ocr_carea' id='block_1_8' title="bbox 204 1647 1499 2408">
    <p class='ocr_par' dir='ltr' id='par_1_8' title="bbox 204 1647 1498 1946">
     <span class='ocr_line' id='line_1_22' title="bbox 322 1647 1497 1688; baseline 0.003 -11"><span class='ocrx_word' id='word_1_145' title='bbox 322 1647 449 1687; x_wconf 80' lang='lat' dir='ltr'>donurn</span> <span class='ocrx_word' id='word_1_146' title='bbox 472 1647 564 1677; x_wconf 90' lang='lat' dir='ltr'>dedit</span> <span class='ocrx_word' id='word_1_147' title='bbox 580 1647 695 1677; x_wconf 91' lang='lat' dir='ltr'>lubens</span> <span class='ocrx_word' id='word_1_148' title='bbox 717 1647 833 1678; x_wconf 88' lang='lat' dir='ltr'>merito</span> <span class='ocrx_word' id='word_1_149' title='bbox 857 1652 1002 1678; x_wconf 88' lang='lat' dir='ltr'>merente</span> <span class='ocrx_word' id='word_1_150' title='bbox 1026 1651 1164 1687; x_wconf 84' lang='grc' dir='ltr'>ἀνάθεμα</span> <span class='ocrx_word' id='word_1_151' title='bbox 1177 1652 1281 1687; x_wconf 84' lang='grc' dir='ltr'>βωμὸν</span> <span class='ocrx_word' id='word_1_152' title='bbox 1292 1652 1404 1688; x_wconf 87' lang='grc' dir='ltr'>ἔστησε</span> <span class='ocrx_word' id='word_1_153' title='bbox 1419 1652 1497 1680; x_wconf 87' lang='grc' dir='ltr'>κατὰ</span> 
     </span>
     <span class='ocr_line' id='line_1_23' title="bbox 204 1698 1496 1741; baseline -0.002 -9"><span class='ocrx_word' id='word_1_154' title='bbox 204 1703 389 1739; x_wconf 84' lang='grc' dir='ltr'>πρόσταγμα</span> <span class='ocrx_word' id='word_1_155' title='bbox 428 1698 510 1729; x_wconf 92' lang='lat' dir='ltr'>CIL.</span> <span class='ocrx_word' id='word_1_156' title='bbox 538 1698 571 1729; x_wconf 94' lang='lat' dir='ltr'>X</span> <span class='ocrx_word' id='word_1_157' title='bbox 599 1698 692 1739; x_wconf 74' lang='lat'>7850.</span> <span class='ocrx_word' id='word_1_158' title='bbox 733 1699 764 1728; x_wconf 91' lang='lat' dir='ltr'>in</span> <span class='ocrx_word' id='word_1_159' title='bbox 798 1698 955 1729; x_wconf 88' lang='lat' dir='ltr'>Sardinia.</span> <span class='ocrx_word' id='word_1_160' title='bbox 996 1709 1022 1729; x_wconf 61' lang='lat' dir='ltr'>c.</span> <span class='ocrx_word' id='word_1_161' title='bbox 1051 1707 1115 1729; x_wconf 88' lang='lat'>200</span> <span class='ocrx_word' id='word_1_162' title='bbox 1151 1709 1178 1730; x_wconf 92' lang='lat' dir='ltr'>a.</span> <span class='ocrx_word' id='word_1_163' title='bbox 1211 1698 1285 1730; x_wconf 91' lang='lat' dir='ltr'>Chr.</span> <span class='ocrx_word' id='word_1_164' title='bbox 1343 1698 1496 1741; x_wconf 91' lang='lat' dir='ltr'>d(onum)</span> 
     </span>
     <span class='ocr_line' id='line_1_24' title="bbox 204 1749 1496 1791; baseline 0 -11"><span class='ocrx_word' id='word_1_165' title='bbox 204 1749 324 1791; x_wconf 84' lang='lat' dir='ltr'>d(edit)</span> <span class='ocrx_word' id='word_1_166' title='bbox 348 1755 532 1790; x_wconf 87' lang='grc' dir='ltr'>χαριστήρια</span> <span class='ocrx_word' id='word_1_167' title='bbox 556 1750 639 1781; x_wconf 92' lang='lat' dir='ltr'>CIL.</span> <span class='ocrx_word' id='word_1_168' title='bbox 653 1749 705 1780; x_wconf 93' lang='lat' dir='ltr'>III</span> <span class='ocrx_word' id='word_1_169' title='bbox 728 1755 857 1789; x_wconf 84' lang='lat'>141475.</span> <span class='ocrx_word' id='word_1_170' title='bbox 884 1749 982 1780; x_wconf 89' lang='lat' dir='ltr'>Philis</span> <span class='ocrx_word' id='word_1_171' title='bbox 1006 1750 1154 1791; x_wconf 88' lang='lat' dir='ltr'>Aegypti.</span> <span class='ocrx_word' id='word_1_172' title='bbox 1181 1758 1222 1790; x_wconf 87' lang='lat'>29</span> <span class='ocrx_word' id='word_1_173' title='bbox 1241 1760 1268 1780; x_wconf 89' lang='lat' dir='ltr'>a.</span> <span class='ocrx_word' id='word_1_174' title='bbox 1287 1750 1362 1781; x_wconf 85' lang='lat' dir='ltr'>Chr.</span> <span class='ocrx_word' id='word_1_175' title='bbox 1409 1750 1440 1780; x_wconf 91' lang='lat' dir='ltr'>d.</span> <span class='ocrx_word' id='word_1_176' title='bbox 1465 1750 1496 1780; x_wconf 92' lang='lat' dir='ltr'>d.</span> 
     </span>
     <span class='ocr_line' id='line_1_25' title="bbox 204 1800 1497 1842; baseline 0.004 -14"><span class='ocrx_word' id='word_1_177' title='bbox 204 1801 356 1836; x_wconf 84' lang='grc' dir='ltr'>ἀνέθηκεν</span> <span class='ocrx_word' id='word_1_178' title='bbox 382 1801 465 1832; x_wconf 90' lang='lat' dir='ltr'>CIL.</span> <span class='ocrx_word' id='word_1_179' title='bbox 489 1801 541 1832; x_wconf 93' lang='lat' dir='ltr'>III</span> <span class='ocrx_word' id='word_1_180' title='bbox 563 1809 657 1842; x_wconf 92' lang='lat'>7121.</span> <span class='ocrx_word' id='word_1_181' title='bbox 705 1800 835 1842; x_wconf 89' lang='lat' dir='ltr'>Ephesi.</span> <span class='ocrx_word' id='word_1_182' title='bbox 861 1800 997 1842; x_wconf 86' lang='lat' dir='ltr'>Augusti</span> <span class='ocrx_word' id='word_1_183' title='bbox 1021 1801 1149 1832; x_wconf 86' lang='lat' dir='ltr'>aetate?</span> <span class='ocrx_word' id='word_1_184' title='bbox 1183 1801 1214 1832; x_wconf 90' lang='lat' dir='ltr'>d.</span> <span class='ocrx_word' id='word_1_185' title='bbox 1232 1801 1263 1832; x_wconf 94' lang='lat' dir='ltr'>d.</span> <span class='ocrx_word' id='word_1_186' title='bbox 1288 1800 1383 1838; x_wconf 82' lang='grc' dir='ltr'>εὐχήν</span> <span class='ocrx_word' id='word_1_187' title='bbox 1412 1800 1497 1833; x_wconf 91' lang='lat' dir='ltr'>CIL.</span> 
     </span>
     <span class='ocr_line' id='line_1_26' title="bbox 205 1852 1498 1894; baseline -0.001 -10"><span class='ocrx_word' id='word_1_188' title='bbox 205 1853 257 1884; x_wconf 94' lang='lat' dir='ltr'>III</span> <span class='ocrx_word' id='word_1_189' title='bbox 282 1852 378 1893; x_wconf 77' lang='lat'>6976.</span> <span class='ocrx_word' id='word_1_190' title='bbox 403 1863 506 1894; x_wconf 89' lang='lat' dir='ltr'>prope</span> <span class='ocrx_word' id='word_1_191' title='bbox 530 1853 680 1884; x_wconf 89' lang='lat' dir='ltr'>Amisum</span> <span class='ocrx_word' id='word_1_192' title='bbox 705 1852 885 1893; x_wconf 86' lang='lat' dir='ltr'>Bithyniae.</span> <span class='ocrx_word' id='word_1_193' title='bbox 914 1857 1054 1883; x_wconf 87' lang='lat' dir='ltr'>exeunte</span> <span class='ocrx_word' id='word_1_194' title='bbox 1078 1852 1102 1883; x_wconf 92' lang='lat'>1.</span> <span class='ocrx_word' id='word_1_195' title='bbox 1127 1863 1210 1884; x_wconf 89' lang='lat' dir='ltr'>saec.</span> <span class='ocrx_word' id='word_1_196' title='bbox 1235 1863 1266 1894; x_wconf 92' lang='lat' dir='ltr'>p.</span> <span class='ocrx_word' id='word_1_197' title='bbox 1292 1852 1367 1884; x_wconf 88' lang='lat' dir='ltr'>Chr.</span> <span class='ocrx_word' id='word_1_198' title='bbox 1406 1853 1498 1883; x_wconf 87' lang='lat' dir='ltr'>dedit</span> 
     </span>
     <span class='ocr_line' id='line_1_27' title="bbox 206 1903 1363 1946; baseline -0.003 -8"><span class='ocrx_word' id='word_1_199' title='bbox 206 1908 334 1946; x_wconf 83' lang='grc' dir='ltr'>δῶρ[ον]</span> <span class='ocrx_word' id='word_1_200' title='bbox 358 1904 441 1935; x_wconf 90' lang='lat' dir='ltr'>CIL.</span> <span class='ocrx_word' id='word_1_201' title='bbox 460 1904 511 1935; x_wconf 92' lang='lat' dir='ltr'>III</span> <span class='ocrx_word' id='word_1_202' title='bbox 530 1903 625 1944; x_wconf 81' lang='lat'>3076.</span> <span class='ocrx_word' id='word_1_203' title='bbox 661 1904 750 1935; x_wconf 88' lang='lat' dir='ltr'>Issae</span> <span class='ocrx_word' id='word_1_204' title='bbox 774 1903 967 1934; x_wconf 86' lang='lat' dir='ltr'>Dalmatiae.</span> <span class='ocrx_word' id='word_1_205' title='bbox 1002 1904 1115 1935; x_wconf 87' lang='lat' dir='ltr'>aetatis</span> <span class='ocrx_word' id='word_1_206' title='bbox 1140 1904 1363 1935; x_wconf 87' lang='lat' dir='ltr'>Caesarianae.</span> 
     </span>
    </p>

    <p class='ocr_par' dir='ltr' id='par_1_9' title="bbox 205 1953 1497 2049">
     <span class='ocr_line' id='line_1_28' title="bbox 323 1953 1497 1995; baseline -0.001 -9"><span class='ocrx_word' id='word_1_207' title='bbox 323 1966 352 1987; x_wconf 92' lang='lat' dir='ltr'>v.</span> <span class='ocrx_word' id='word_1_208' title='bbox 368 1965 392 1987; x_wconf 91' lang='lat' dir='ltr'>s.</span> <span class='ocrx_word' id='word_1_209' title='bbox 409 1955 427 1986; x_wconf 93' lang='lat' dir='ltr'>l.</span> <span class='ocrx_word' id='word_1_210' title='bbox 445 1965 487 1986; x_wconf 91' lang='lat' dir='ltr'>m.</span> <span class='ocrx_word' id='word_1_211' title='bbox 512 1959 676 1994; x_wconf 79' lang='grc' dir='ltr'>εὐξάμενος</span> <span class='ocrx_word' id='word_1_212' title='bbox 704 1959 893 1995; x_wconf 83' lang='grc' dir='ltr'>καθιέρωσεν</span> <span class='ocrx_word' id='word_1_213' title='bbox 917 1953 1000 1985; x_wconf 90' lang='lat' dir='ltr'>CIL.</span> <span class='ocrx_word' id='word_1_214' title='bbox 1025 1953 1078 1985; x_wconf 93' lang='lat' dir='ltr'>III</span> <span class='ocrx_word' id='word_1_215' title='bbox 1106 1958 1250 1994; x_wconf 86' lang='lat'>¹4214²⁷·</span> <span class='ocrx_word' id='word_1_216' title='bbox 1292 1954 1419 1986; x_wconf 89' lang='lat' dir='ltr'>Moesia</span> <span class='ocrx_word' id='word_1_217' title='bbox 1442 1954 1497 1985; x_wconf 86' lang='lat' dir='ltr'>inf.</span> 
     </span>
     <span class='ocr_line' id='line_1_29' title="bbox 205 2006 638 2049; baseline 0 -12"><span class='ocrx_word' id='word_1_218' title='bbox 205 2007 229 2038; x_wconf 92' lang='grc' dir='ltr'>Ι.</span> <span class='ocrx_word' id='word_1_219' title='bbox 255 2007 305 2038; x_wconf 87' lang='lat' dir='ltr'>vel</span> <span class='ocrx_word' id='word_1_220' title='bbox 329 2007 373 2038; x_wconf 95' lang='lat' dir='ltr'>II.</span> <span class='ocrx_word' id='word_1_221' title='bbox 398 2017 482 2039; x_wconf 90' lang='lat' dir='ltr'>saec.</span> <span class='ocrx_word' id='word_1_222' title='bbox 507 2017 538 2049; x_wconf 87' lang='lat' dir='ltr'>p.</span> <span class='ocrx_word' id='word_1_223' title='bbox 563 2006 638 2039; x_wconf 88' lang='lat' dir='ltr'>Chr.</span> 
     </span>
    </p>

    <p class='ocr_par' dir='ltr' id='par_1_10' title="bbox 204 2056 1499 2305">
     <span class='ocr_line' id='line_1_30' title="bbox 322 2056 1497 2098; baseline -0.003 -8"><span class='ocrx_word' id='word_1_224' title='bbox 322 2059 438 2090; x_wconf 85' lang='lat' dir='ltr'>lubens</span> <span class='ocrx_word' id='word_1_225' title='bbox 462 2059 578 2089; x_wconf 83' lang='lat' dir='ltr'>merito</span> <span class='ocrx_word' id='word_1_226' title='bbox 595 2062 740 2089; x_wconf 81' lang='lat' dir='ltr'>merente</span> <span class='ocrx_word' id='word_1_227' title='bbox 764 2062 844 2091; x_wconf 87' lang='grc' dir='ltr'>κατὰ</span> <span class='ocrx_word' id='word_1_228' title='bbox 865 2062 1049 2098; x_wconf 85' lang='grc' dir='ltr'>πρόσταγμα</span> <span class='ocrx_word' id='word_1_229' title='bbox 1072 2057 1156 2090; x_wconf 92' lang='lat' dir='ltr'>CIL.</span> <span class='ocrx_word' id='word_1_230' title='bbox 1174 2057 1207 2088; x_wconf 93' lang='lat' dir='ltr'>X</span> <span class='ocrx_word' id='word_1_231' title='bbox 1224 2056 1319 2098; x_wconf 85' lang='lat'>7856.</span> <span class='ocrx_word' id='word_1_232' title='bbox 1343 2057 1376 2088; x_wconf 89' lang='lat' dir='ltr'>in</span> <span class='ocrx_word' id='word_1_233' title='bbox 1388 2057 1497 2088; x_wconf 89' lang='lat' dir='ltr'>Sardi-</span> 
     </span>
     <span class='ocr_line' id='line_1_31' title="bbox 204 2105 1498 2150; baseline -0.002 -9"><span class='ocrx_word' id='word_1_234' title='bbox 204 2105 268 2141; x_wconf 79' lang='lat' dir='ltr'>nia.</span> <span class='ocrx_word' id='word_1_235' title='bbox 293 2120 318 2140; x_wconf 89' lang='lat' dir='ltr'>c.</span> <span class='ocrx_word' id='word_1_236' title='bbox 333 2118 397 2141; x_wconf 89' lang='lat'>200</span> <span class='ocrx_word' id='word_1_237' title='bbox 413 2120 441 2141; x_wconf 93' lang='lat' dir='ltr'>a.</span> <span class='ocrx_word' id='word_1_238' title='bbox 455 2109 530 2141; x_wconf 90' lang='lat' dir='ltr'>Chr.</span> <span class='ocrx_word' id='word_1_239' title='bbox 555 2109 692 2140; x_wconf 90' lang='lat' dir='ltr'>merenti</span> <span class='ocrx_word' id='word_1_240' title='bbox 716 2109 791 2140; x_wconf 82' lang='lat' dir='ltr'>fecit</span> <span class='ocrx_word' id='word_1_241' title='bbox 815 2113 936 2149; x_wconf 83' lang='grc' dir='ltr'>μνήμης</span> <span class='ocrx_word' id='word_1_242' title='bbox 956 2113 1044 2150; x_wconf 85' lang='grc' dir='ltr'>χάριν</span> <span class='ocrx_word' id='word_1_243' title='bbox 1062 2109 1146 2140; x_wconf 91' lang='lat' dir='ltr'>CIL.</span> <span class='ocrx_word' id='word_1_244' title='bbox 1158 2108 1293 2149; x_wconf 81' lang='lat'>111363.</span> <span class='ocrx_word' id='word_1_245' title='bbox 1319 2109 1498 2139; x_wconf 89' lang='lat' dir='ltr'>Eumeniae</span> 
     </span>
     <span class='ocr_line' id='line_1_32' title="bbox 205 2159 1499 2202; baseline -0.001 -11"><span class='ocrx_word' id='word_1_246' title='bbox 205 2161 373 2202; x_wconf 85' lang='lat' dir='ltr'>Phrygiae.</span> <span class='ocrx_word' id='word_1_247' title='bbox 421 2162 507 2192; x_wconf 90' lang='lat' dir='ltr'>bene</span> <span class='ocrx_word' id='word_1_248' title='bbox 530 2160 668 2192; x_wconf 87' lang='lat' dir='ltr'>merenti</span> <span class='ocrx_word' id='word_1_249' title='bbox 699 2161 719 2191; x_wconf 81' lang='lat' dir='ltr'>f.</span> <span class='ocrx_word' id='word_1_250' title='bbox 744 2170 770 2191; x_wconf 87' lang='lat' dir='ltr'>c.</span> <span class='ocrx_word' id='word_1_251' title='bbox 802 2166 908 2200; x_wconf 85' lang='grc' dir='ltr'>τειμῆς</span> <span class='ocrx_word' id='word_1_252' title='bbox 941 2165 1029 2201; x_wconf 84' lang='grc' dir='ltr'>χάριν</span> <span class='ocrx_word' id='word_1_253' title='bbox 1058 2159 1148 2191; x_wconf 92' lang='lat' dir='ltr'>IGR.</span> <span class='ocrx_word' id='word_1_254' title='bbox 1171 2160 1224 2191; x_wconf 91' lang='lat'>111</span> <span class='ocrx_word' id='word_1_255' title='bbox 1263 2169 1354 2200; x_wconf 87' lang='lat'>1441.</span> <span class='ocrx_word' id='word_1_256' title='bbox 1401 2159 1499 2190; x_wconf 87' lang='lat' dir='ltr'>Zelae</span> 
     </span>
     <span class='ocr_line' id='line_1_33' title="bbox 206 2212 1498 2254; baseline -0.003 -10"><span class='ocrx_word' id='word_1_257' title='bbox 206 2212 447 2253; x_wconf 89' lang='lat' dir='ltr'>Cappadociae.</span> <span class='ocrx_word' id='word_1_258' title='bbox 504 2212 657 2243; x_wconf 87' lang='lat' dir='ltr'>Traiani?</span> <span class='ocrx_word' id='word_1_259' title='bbox 704 2216 820 2243; x_wconf 86' lang='lat' dir='ltr'>aetate.</span> <span class='ocrx_word' id='word_1_260' title='bbox 846 2212 931 2242; x_wconf 86' lang='lat' dir='ltr'>bene</span> <span class='ocrx_word' id='word_1_261' title='bbox 956 2212 1071 2243; x_wconf 87' lang='lat' dir='ltr'>merito</span> <span class='ocrx_word' id='word_1_262' title='bbox 1098 2212 1232 2254; x_wconf 91' lang='lat' dir='ltr'>conpari</span> <span class='ocrx_word' id='word_1_263' title='bbox 1262 2214 1307 2248; x_wconf 82' lang='grc' dir='ltr'>τῷ</span> <span class='ocrx_word' id='word_1_264' title='bbox 1328 2212 1375 2240; x_wconf 80' lang='grc' dir='ltr'>ἀεὶ</span> <span class='ocrx_word' id='word_1_265' title='bbox 1390 2213 1498 2248; x_wconf 84' lang='grc' dir='ltr'>μηστῷ</span> 
     </span>
     <span class='ocr_line' id='line_1_34' title="bbox 205 2262 1497 2305; baseline 0.002 -13"><span class='ocrx_word' id='word_1_266' title='bbox 205 2264 293 2300; x_wconf 82' lang='grc' dir='ltr'>ἀνδρὶ</span> <span class='ocrx_word' id='word_1_267' title='bbox 305 2264 449 2295; x_wconf 92' lang='lat' dir='ltr'>CIL.III</span> <span class='ocrx_word' id='word_1_268' title='bbox 460 2272 477 2304; x_wconf 92' lang='lat'><strong><em>7</em></strong></span> <span class='ocrx_word' id='word_1_269' title='bbox 482 2272 554 2305; x_wconf 81' lang='lat'>549.</span> <span class='ocrx_word' id='word_1_270' title='bbox 572 2263 814 2305; x_wconf 85' lang='lat' dir='ltr'>Tomis(Moes.</span> <span class='ocrx_word' id='word_1_271' title='bbox 825 2262 939 2304; x_wconf 70' lang='lat' dir='ltr'>insen).</span> <span class='ocrx_word' id='word_1_272' title='bbox 957 2263 999 2294; x_wconf 92' lang='grc' dir='ltr'>ΙΙ.</span> <span class='ocrx_word' id='word_1_273' title='bbox 1010 2269 1137 2294; x_wconf 89' lang='lat' dir='ltr'>exeunt.</span> <span class='ocrx_word' id='word_1_274' title='bbox 1149 2264 1200 2295; x_wconf 86' lang='lat' dir='ltr'>vel</span> <span class='ocrx_word' id='word_1_275' title='bbox 1216 2263 1277 2294; x_wconf 91' lang='lat' dir='ltr'>III.</span> <span class='ocrx_word' id='word_1_276' title='bbox 1288 2273 1371 2294; x_wconf 89' lang='lat' dir='ltr'>saec.</span> <span class='ocrx_word' id='word_1_277' title='bbox 1384 2273 1414 2304; x_wconf 93' lang='lat' dir='ltr'>p.</span> <span class='ocrx_word' id='word_1_278' title='bbox 1423 2263 1497 2294; x_wconf 87' lang='lat' dir='ltr'>Chr.</span> 
     </span>
    </p>

    <p class='ocr_par' dir='ltr' id='par_1_11' title="bbox 205 2315 1498 2408">
     <span class='ocr_line' id='line_1_35' title="bbox 325 2315 1498 2357; baseline 0.001 -10"><span class='ocrx_word' id='word_1_279' title='bbox 325 2316 530 2357; x_wconf 76' lang='lat' dir='ltr'>beneficique</span> <span class='ocrx_word' id='word_1_280' title='bbox 554 2326 639 2357; x_wconf 81' lang='lat' dir='ltr'>ergo,</span> <span class='ocrx_word' id='word_1_281' title='bbox 664 2326 749 2357; x_wconf 87' lang='lat' dir='ltr'>quae</span> <span class='ocrx_word' id='word_1_282' title='bbox 773 2315 853 2346; x_wconf 90' lang='lat' dir='ltr'>sibei</span> <span class='ocrx_word' id='word_1_283' title='bbox 877 2315 1017 2357; x_wconf 83' lang='lat' dir='ltr'>benigne</span> <span class='ocrx_word' id='word_1_284' title='bbox 1040 2316 1115 2347; x_wconf 83' lang='lat' dir='ltr'>fecit</span> <span class='ocrx_word' id='word_1_285' title='bbox 1139 2321 1251 2356; x_wconf 85' lang='grc' dir='ltr'>ἀρετῆς</span> <span class='ocrx_word' id='word_1_286' title='bbox 1266 2321 1370 2348; x_wconf 86' lang='grc' dir='ltr'>ἕνεκεν</span> <span class='ocrx_word' id='word_1_287' title='bbox 1385 2322 1433 2348; x_wconf 82' lang='grc' dir='ltr'>καὶ</span> <span class='ocrx_word' id='word_1_288' title='bbox 1452 2321 1498 2348; x_wconf 84' lang='grc' dir='ltr'>εὐ-</span> 
     </span>
     <span class='ocr_line' id='line_1_36' title="bbox 205 2367 1497 2408; baseline 0.001 -11"><span class='ocrx_word' id='word_1_289' title='bbox 205 2367 312 2405; x_wconf 54' lang='lat' dir='ltr'>voque]</span> <span class='ocrx_word' id='word_1_290' title='bbox 334 2370 392 2404; x_wconf 85' lang='grc' dir='ltr'>τῆς</span> <span class='ocrx_word' id='word_1_291' title='bbox 419 2368 461 2403; x_wconf 85' lang='grc' dir='ltr'>εἰς</span> <span class='ocrx_word' id='word_1_292' title='bbox 482 2368 595 2397; x_wconf 88' lang='grc' dir='ltr'>ἑαυτὸν</span> <span class='ocrx_word' id='word_1_293' title='bbox 619 2367 702 2399; x_wconf 81' lang='lat' dir='ltr'>CIL.</span> <span class='ocrx_word' id='word_1_294' title='bbox 721 2367 736 2398; x_wconf 94' lang='lat' dir='ltr'>I</span> <span class='ocrx_word' id='word_1_295' title='bbox 749 2367 821 2407; x_wconf 85' lang='lat'>587.</span> <span class='ocrx_word' id='word_1_296' title='bbox 858 2367 992 2398; x_wconf 78' lang='lat' dir='ltr'>Romae.</span> <span class='ocrx_word' id='word_1_297' title='bbox 1009 2373 1083 2408; x_wconf 79' lang='lat' dir='ltr'>post</span> <span class='ocrx_word' id='word_1_298' title='bbox 1100 2367 1220 2399; x_wconf 88' lang='lat' dir='ltr'>bellum</span> <span class='ocrx_word' id='word_1_299' title='bbox 1233 2367 1497 2398; x_wconf 86' lang='lat' dir='ltr'>Mithridaticum.-</span> 
     </span>
    </p>
   </div>
  </div>
 </body>
</html>
