1655 2789
771 186 962 215 „18-

515 285 550 320 Μ
576 285 665 320 Ἰουλ
692 285 829 331 Φιλίπῳ
857 285 1123 330 θεοφιλεστάτῳ

515 340 689 385 Καί[σ]αρι
714 342 771 375 καὶ
797 340 938 386 Μαρκίᾳ
963 340 1159 386 Ὠτακειλίᾳ

515 397 677 443 Σεουήρᾳ
703 397 804 441 μητρὶ
830 399 995 441 καστρῶν

513 483 591 519 Ἐπὶ
617 484 821 519 ἀνθυπάτου
837 504 847 510 -
862 484 890 519 Λ
904 505 913 511 -
929 485 1113 525 Ἐγνατίου

514 539 708 582 Οὐίκτορος
736 540 933 575 Λολλιανοῦ
960 541 1001 575 τὸ
1027 540 1061 582 γ’

689 597 775 632 Ἀπὸ
801 595 957 640 Ἐφέσου

822 657 830 671 Ι

808 674 844 709 Μ

336 787 447 822 Talia
483 792 732 821 monumenta
768 787 892 830 primo
923 788 1058 822 obtutu
1097 798 1174 821 non
1214 788 1400 831 Graecae,
1441 789 1510 822 sed

217 843 416 878 Romanae
455 844 636 877 videntur
675 852 762 877 esse
801 843 973 888 originis.
1030 843 1176 877 Tamen
1215 853 1279 878 res
1318 844 1429 879 aliter
1468 853 1510 878 se

217 900 346 935 habet.
399 899 577 934 Latinam
613 905 762 942 partem
799 899 898 933 tituli
934 899 1040 933 allati
1066 909 1154 934 cum
1181 909 1230 934 ex
1256 899 1413 935 officina
1439 900 1510 934 Ro—

217 965 334 989 mana
351 955 541 998 prodiisse
560 955 781 996 concedam,
806 955 997 989 Graecam
1017 956 1133 989 certis
1152 956 1391 999 argumentis
1409 955 1511 990 infra

218 1011 569 1045 demonstrabimus
598 1020 685 1045 esse
713 1010 874 1054 originis
901 1012 1077 1046 Graecae
1115 1017 1153 1046 et
1189 1011 1289 1046 idem
1328 1013 1376 1046 ad
1414 1013 1509 1046 alios

219 1067 351 1101 titulos
378 1076 497 1110 supra
523 1067 662 1101 citatos
689 1067 867 1110 pertinet.
919 1068 1018 1110 Quid
1046 1067 1183 1111 igitur?
1234 1068 1510 1111 Inscriptiones

217 1124 394 1168 publicae
427 1123 655 1167 compendia
691 1124 984 1167 praenominum
1019 1125 1253 1167 praebentes
1289 1134 1424 1159 omnes
1460 1125 1509 1159 ad

217 1189 334 1213 unam
353 1179 517 1213 redeunt
536 1179 585 1213 ad
604 1179 789 1215 Graecos.
843 1179 920 1213 Res
947 1184 1007 1214 est
1033 1180 1240 1214 admodum
1258 1180 1355 1214 mira
1382 1190 1508 1224 neque

216 1235 290 1280 ipsi
328 1245 399 1279 pro
426 1240 533 1270 certo
561 1234 758 1269 affirmare
794 1236 975 1270 volumus
1012 1236 1061 1280 id,
1101 1236 1204 1280 quod
1241 1236 1344 1271 cadit
1379 1236 1418 1271 in
1457 1237 1509 1274 in—

216 1292 448 1336 scriptiones
485 1291 689 1338 bilingues,
730 1292 776 1326 de
814 1292 992 1327 omnibus
1028 1292 1149 1327 titulis
1176 1292 1338 1328 Graecis
1365 1293 1508 1336 valere,

216 1354 255 1384 et
273 1350 346 1383 hoc
365 1348 521 1392 quidem
547 1353 751 1391 propterea
779 1349 1013 1383 contendere
1041 1349 1218 1391 nolimus,
1243 1350 1345 1393 quod
1363 1359 1508 1393 paucos

220 1405 415 1448 bilingues
455 1405 663 1438 sollemnes
700 1414 747 1438 ex
775 1403 933 1438 officina
959 1404 1133 1439 Romana
1168 1406 1383 1449 posteriore
1410 1416 1508 1440 aevo

221 1460 386 1495 emissos
428 1460 629 1496 habemus.
695 1460 872 1504 Plerique
917 1461 1018 1495 enim
1061 1461 1161 1495 tituli
1203 1461 1346 1505 publici
1384 1462 1508 1496 nostri

215 1517 441 1561 posterioris
474 1516 613 1550 aetatis
651 1517 823 1550 eiusdem
860 1518 1015 1560 generis
1052 1523 1141 1552 sunt
1177 1523 1293 1561 atque
1330 1520 1509 1562 exempla

216 1582 336 1616 supra
375 1572 504 1614 allata,
548 1572 694 1606 scilicet
740 1572 879 1607 Latina
917 1573 1113 1607 titulorum
1152 1583 1243 1617 pars
1294 1573 1508 1609 Romanam

215 1628 334 1663 trahit
360 1628 560 1671 originem,
599 1628 751 1662 Graeca
777 1639 800 1662 a
827 1629 984 1663 civitate
1012 1629 1164 1663 Graeca
1199 1630 1273 1664 hac
1299 1630 1415 1665 illave
1449 1635 1508 1665 est

215 1685 352 1727 posita.
394 1683 528 1727 Neque
549 1694 642 1717 vero
670 1684 761 1717 illud
780 1684 918 1726 negari
936 1689 1065 1725 potest
1083 1685 1376 1728 inscriptionum
1402 1686 1508 1719 bilin-

215 1740 349 1784 guium
387 1750 436 1773 ex
473 1739 630 1774 officina
658 1740 832 1774 Romana
868 1740 1097 1774 emissarum
1137 1742 1364 1785 compendia
1401 1751 1506 1786 prae-

214 1796 413 1830 nominum
456 1797 645 1839 praebere
678 1797 833 1838 nullam,
887 1796 1063 1831 Graecae
1095 1802 1225 1831 autem
1263 1798 1416 1840 publice
1455 1798 1507 1832 in-

215 1845 320 1886 cisae
348 1851 461 1885 modo
488 1851 743 1895 perscriptam
771 1852 932 1886 formam
959 1853 1158 1896 praebent,
1191 1853 1305 1887 modo
1332 1863 1507 1897 compen-

214 1909 375 1950 diosam.
429 1907 611 1943 Ceterum
638 1908 671 1942 si
698 1909 794 1944 haec
830 1918 906 1942 non
944 1909 1069 1944 solum
1106 1910 1156 1944 ad
1194 1910 1398 1954 bilingues,
1438 1911 1506 1945 sed

215 1966 331 1999 etiam
359 1965 408 1998 ad
430 1964 600 2008 reliquas
618 1964 888 2007 inscriptiones
904 1965 1076 1999 Graecas
1103 1966 1349 2008 pertinebunt
1367 1967 1507 2001 aetatis

214 2021 424 2065 Romanae,
453 2020 553 2054 hanc
572 2020 868 2063 explicationem
886 2029 1099 2064 proponam
1113 2020 1307 2055 Romanos
1326 2022 1365 2056 in
1386 2022 1507 2056 titulis

215 2077 377 2112 Graecis
415 2077 705 2111 conscribendis
732 2077 926 2111 Graecum
963 2086 1074 2111 usum
1103 2087 1190 2112 cum
1226 2077 1303 2112 fide
1343 2079 1506 2113 reddere

214 2134 385 2166 voluisse
422 2133 586 2175 ideoque
624 2139 794 2166 veterem
833 2133 1152 2167 consuetudinem
1179 2134 1372 2167 Graecam
1398 2144 1505 2177 prae-

214 2188 369 2223 nomina
387 2188 561 2223 Romana
581 2188 846 2233 perscribendi
866 2189 1044 2231 retinere,
1073 2199 1159 2224 cum
1180 2190 1321 2226 Graeci
1347 2200 1505 2234 operam

214 2246 401 2288 dederint,
429 2251 470 2279 ut
497 2246 715 2279 Romanum
742 2256 888 2280 morem
915 2246 953 2279 in
972 2246 1120 2281 Latinis
1148 2247 1397 2290 praenomina
1425 2248 1505 2281 bre-

213 2302 346 2336 viandi
364 2302 403 2336 in
421 2302 673 2336 sollemnibus
693 2301 854 2336 Graecis
873 2308 1055 2337 accurate
1082 2303 1335 2339 imitarentur.
1375 2304 1505 2347 Atque

213 2359 311 2393 haec
338 2358 385 2392 de
411 2358 575 2402 publicis
602 2358 733 2394 titulis.
785 2358 865 2393 Iam
893 2359 1105 2403 videamus,
1146 2360 1236 2404 quid
1268 2360 1315 2394 de
1342 2360 1505 2404 privatis
