1655 2789
757 225 948 256 .-29...

209 322 360 356 Pataris
388 321 495 367 (Lyc.
524 327 562 356 et
581 321 808 367 Pamphyl.).
835 327 862 359 Ι.
883 332 984 358 saec,
1004 332 1040 366 Ρ.
1059 322 1148 359 Chr.
1176 323 1266 360 CIL.
1282 324 1331 358 111
1366 323 1493 361 12325.

210 378 376 414 Nicaeae
404 378 571 424 (Bithyn.
600 383 639 413 et
664 378 802 426 Pont.).
828 381 854 416 1.
882 389 984 414 saec,
1011 389 1048 423 p.
1075 379 1164 416 Chr.
1205 380 1296 417 CIL.
1318 381 1367 415 III
1398 381 1495 415 7410

210 435 325 483 (χαῖρε
350 437 571 479 παροδεῑτα).
599 434 854 478 Philippopoli
867 435 1067 470 Thraciae.
1095 437 1122 471 I.
1140 437 1204 469 vel
1222 436 1302 472 init.
1329 438 1373 472 II.
1392 447 1494 473 saec,

210 501 245 535 p.
274 490 384 527 Chr.'
408 490 499 528 CIL.
532 490 712 526 1117242.
753 491 849 527 Deli.
889 496 994 525 certe
1034 496 1123 525 ante
1162 492 1326 534 primum
1365 492 1494 528 dimid.

210 549 254 583 11.
281 557 382 581 saec.
410 556 445 590 p.
474 546 565 584 Chr.
602 547 693 582 CIL.
719 547 769 581 III
793 547 888 582 7154
912 549 1058 591 (χρηστὲ
1084 550 1208 591 χαῖρε).
1243 548 1318 582 Iasi
1345 549 1494 584 Cariae.

210 610 326 647 temp.
355 602 478 638 bonis,
532 602 622 638 CIL.
642 603 691 637 III
718 603 813 637 7549
850 606 964 647 (χαῖρε
996 606 1211 647 παροδεῑτα).
1250 603 1391 641 Tomis.
1432 615 1495 638 ex-

210 664 325 695 eunte
352 659 395 695 11.
423 660 487 693 vel
512 659 573 694 III.
600 668 701 693 saec.
730 669 765 703 p.
794 658 883 696 Chr.
936 659 1027 695 CIL.
1054 660 1103 694 III
1131 659 1259 696 12276.
1296 660 1334 694 in
1370 661 1496 695 insula

211 716 322 761 Syro.
342 716 555 760 posteriore
575 720 713 752 aetate.
742 716 833 752 CIL.
852 717 900 752 III
920 716 1003 753 333.
1031 715 1089 751 Cii
1118 716 1285 761 (Bithyn,
1306 722 1344 752 et
1357 717 1494 759 Pont.).

211 778 285 808 aet.
312 773 457 815 imper.⁷
486 773 529 806 II.
557 781 660 807 saec.
688 773 833 815 opinor.
862 773 1035 806 eiusdem
1064 772 1143 806 fere
1170 778 1286 816 temp.
1339 773 1429 809 CIL.
1443 775 1495 808 VI

210 828 343 863 28511.
383 828 541 863 Romae.
594 828 682 863 CIL.
701 828 750 862 111
769 828 852 863 667.
891 828 1033 862 Sidone
1069 827 1217 871 Syriae.
1249 829 1316 862 188
1342 838 1378 872 p.
1406 828 1495 864 Chr.

212 884 302 919 CIL.
318 884 366 917 III
384 883 499 917 11034
528 884 636 927 (ἥρως
651 885 781 926 χρηστὲ
795 885 920 929 χαῖρε).
949 883 1169 926 Brigetione
1184 883 1369 927 (Pannon.
1385 886 1496 928 sup.).

211 946 327 983 temp.
355 940 427 977 ine.
452 939 543 975 CIL.
562 940 611 973 III
635 938 751 973 13672
778 940 887 983 (ἥρως
905 941 1037 983 χρηστὲ
1054 942 1180 983 χαῖρε).
1209 939 1327 975 Mileti
1346 939 1496 976 Cariae.

211 1002 327 1039 temp.
346 996 419 1031 inc,
447 995 538 1030 CIL.
551 996 600 1029 III
624 995 784 1030 142l4³².
812 994 1049 1029 Constantza
1067 995 1200 1039 (Moes.
1216 995 1353 1039 insen).
1380 1001 1496 1038 temp.

211 1053 284 1088 inc.
313 1052 403 1088 CIL.
423 1052 573 1087 111574.
601 1052 637 1085 in
658 1051 837 1086 Leucade
864 1052 1001 1088 insula.
1029 1057 1144 1096 temp.
1172 1052 1243 1088 inc.
1287 1052 1406 1087 Vides
1423 1051 1497 1087 for-

213 1110 355 1143 mulam
381 1114 564 1151 nostram,
602 1118 701 1152 quae
729 1118 777 1142 ex
804 1109 917 1142 tertio
945 1118 978 1144 a.
1007 1108 1095 1146 Chr.
1124 1118 1160 1144 n.
1188 1110 1346 1144 saeculo
1373 1115 1432 1143 est
1460 1109 1496 1143 in

211 1175 285 1200 usu
322 1164 384 1209 (cf.
413 1165 519 1199 Loch
545 1166 569 1200 l.
588 1166 611 1200 1.
639 1174 674 1209 p.
694 1164 791 1210 278),
831 1175 900 1208 per
936 1170 1058 1200 totum
1095 1165 1297 1209 imperium
1333 1165 1498 1200 inveniri

212 1228 327 1265 atque
364 1222 538 1256 adhiberi
574 1231 697 1265 usque
734 1222 782 1255 ad
819 1221 988 1255 medium
1014 1221 1097 1255 fere
1124 1223 1185 1257 III.
1213 1232 1315 1258 saec,
1343 1232 1378 1265 p.
1407 1222 1497 1258 Chr.

213 1277 341 1321 Atque
368 1286 417 1311 ex
443 1277 517 1311 hoc
544 1282 717 1320 tempore
749 1287 819 1312 nos
859 1278 964 1312 nulla
1001 1278 1178 1320 exempla
1214 1278 1369 1322 habere,
1409 1278 1498 1312 inde

212 1334 444 1377 explicatur,
484 1333 585 1376 quod
626 1334 725 1368 tituli
763 1333 957 1377 bilingues
996 1334 1234 1377 sepulcrales
1271 1334 1498 1377 posterioris

212 1389 350 1424 aetatis
378 1389 532 1423 omnino
558 1388 640 1423 fere
667 1389 816 1424 desunt.
874 1382 878 1386 ”
1107 1397 1115 1406 ’

321 1455 500 1497 Ἔρρωσο.
550 1452 640 1488 CIL.
659 1453 709 1487 111
728 1452 809 1487 412.
838 1452 1039 1495 Smyrnae.
1066 1462 1102 1496 p.
1118 1452 1207 1489 Chr.
1235 1452 1408 1499 2531260.

323 1519 473 1554 Ἐνθάδε
499 1521 618 1554 κεῖται.
650 1518 740 1554 CIL.
760 1519 809 1552 III
831 1518 959 1554 12058.
989 1518 1261 1554 Alexandriae.
1288 1520 1370 1563 I.(?)
1397 1529 1497 1555 saec.

212 1584 247 1618 p.
263 1574 351 1610 Chr.
380 1574 471 1610 CIL.
490 1574 539 1609 III
563 1573 669 1609 6026.
710 1573 863 1618 Syenae
882 1574 1066 1618 Aegypti.
1106 1575 1186 1620 I.(?)
1213 1584 1315 1611 saec,
1350 1585 1386 1619 p.
1406 1574 1494 1610 Chr.
1544 1621 1547 1624 y

212 1631 302 1666 CIL.
323 1629 373 1665 111
397 1630 475 1666 182.
502 1630 615 1674 Bybli
634 1630 781 1674 Syriae.
808 1631 835 1666 I.
854 1640 957 1666 saec,
984 1640 1019 1674 p.
1040 1630 1130 1667 Chr.
1158 1631 1249 1666 CIL.
1264 1632 1350 1667 VIII
1364 1632 1496 1668 21105.

212 1687 430 1722 Caesareae
445 1686 612 1721 Africae.
641 1688 667 1723 I.
683 1688 746 1721 vel
772 1687 868 1730 II.(?)
895 1697 997 1722 saec.
1025 1697 1062 1731 p.
1078 1687 1166 1723 Chr.
1195 1687 1260 1724 IG.
1276 1689 1362 1722 XIV
1393 1689 1497 1725 1366.

214 1744 369 1779 Romae.
402 1744 444 1779 11.
475 1744 537 1778 vel
569 1744 627 1778 III.
655 1753 756 1779 saec,
796 1753 830 1787 Ρ.
860 1742 949 1778 Chr.
990 1743 1080 1779 CIL.
1103 1745 1153 1778 VI
1188 1744 1301 1780 10971
1344 1747 1497 1789 (κεῖμαι).

212 1799 368 1836 Romae.
397 1800 440 1835 II.
468 1809 571 1835 saec,
604 1809 640 1843 p.
668 1798 758 1835 Chr.
810 1799 900 1834 CIL.
924 1800 992 1834 XII
1015 1798 1122 1835 2448.
1163 1799 1201 1833 in
1238 1800 1325 1834 vico
1359 1799 1498 1844 Genay

212 1856 374 1891 Galliae.
402 1855 538 1890 Severi
565 1860 703 1891 aetate.
731 1856 821 1891 CIL.
837 1856 871 1889 V
890 1856 997 1893 6195.
1027 1856 1242 1891 Mediolani.
1271 1856 1342 1890 444
1358 1866 1392 1900 p.
1407 1856 1497 1893 Chr.

213 1912 303 1948 CIL.
323 1912 372 1946 111
391 1911 487 1946 9534
513 1913 652 1956 (ἐνθάδε
670 1913 857 1956 κατακῑτε).
884 1910 1038 1946 Salonis
1057 1910 1285 1946 Dalmatiae.
1312 1922 1389 1946 non
1408 1918 1498 1947 ante

216 1968 260 2004 V.
288 1978 391 2004 saec,
418 1977 454 2011 p.
482 1967 571 2003 Chr.

324 2034 474 2070 Ἐνθάδε
505 2034 713 2077 κατοίχεται.
765 2033 854 2069 CIL.
874 2034 923 2067 III
949 2033 1055 2070 6982.
1095 2033 1368 2077 Pompeiopoli.
1408 2034 1499 2068 boni

212 2100 300 2125 aevi
326 2099 415 2133 lmp.

323 2156 410 2192 Ὧδε
436 2156 632 2201 ἐτάφησαν.
668 2156 759 2192 CIL.
779 2156 953 2192 1117568.
982 2155 1124 2192 Tomis.
1153 2157 1195 2192 II.
1223 2166 1325 2193 saec.
1352 2166 1388 2200 p.
1408 2155 1498 2195 Chr.

331 2224 548 2266 Κυυετέριον.
585 2223 676 2258 CIL.
692 2224 758 2257 XII
771 2223 878 2258 5340.
899 2222 1250 2260 NarboneGalliae.
1269 2233 1306 2266 p.
1316 2222 1404 2258 Chr.
1414 2223 1497 2259 527.

330 2287 486 2330 Nescio,
526 2297 617 2321 num
667 2297 761 2321 casu
801 2288 942 2321 factum
983 2287 1044 2330 sit,
1096 2294 1138 2321 ut
1176 2289 1282 2322 nulla
1320 2289 1497 2331 exempla

214 2344 356 2378 liberae
383 2344 438 2378 rei
457 2344 559 2388 publ.
578 2343 762 2388 temporis
781 2344 1004 2387 habeamus,
1032 2344 1171 2388 quibus
1190 2344 1354 2378 formula
1372 2345 1497 2380 ἐνθάδε

212 2403 319 2436 κεῖται
346 2400 456 2442 inest,
486 2399 638 2434 videtur
656 2405 783 2434 autem
810 2399 974 2434 formula
999 2401 1165 2435 maxime
1191 2400 1371 2435 floruisse
1398 2410 1497 2435 aevo
