1655 2789
648 667 803 709 Vita.

27 854 41 858 ..
198 803 431 840 Franciscus
450 803 583 838 Zilken
610 802 765 839 Ioannis
789 803 816 841 f.
837 813 858 838 e
875 808 1000 849 matre
1018 802 1152 838 Sibilla
1179 803 1227 838 de
1252 808 1369 847 gente

83 862 185 900 Esch
222 860 315 895 fidei
353 860 566 896 catholicae
604 865 718 896 natus
757 870 844 895 sum
877 860 915 895 in
954 860 1043 895 vico
1069 859 1267 906 Rhenano‚
1307 859 1369 895 cui

83 926 221 953 nomen
248 922 308 950 est
327 916 558 960 Wesseling,
584 917 707 959 pridie
733 916 825 950 Idus
842 916 1004 950 Martias
1030 916 1121 950 anni
1150 916 1254 952 1882.
1287 916 1370 950 Ele-

25 960 35 1008 J.
83 972 221 1009 mentis
259 971 474 1006 litterarum
513 971 683 1006 imbutus
720 981 790 1015 per
828 976 1009 1015 quattuor
1039 980 1163 1005 annos
1189 980 1369 1015 progym-

18 1031 31 1079 ,ζῆ
83 1028 233 1063 nasium
259 1029 376 1072 (nunc
403 1027 664 1073 gymnasium)
689 1027 936 1071 frequentavi
961 1027 1092 1071 oppidi
1105 1027 1259 1071 Bruehl‚
1286 1037 1369 1072 sep-

34 1107 37 1110 ·
83 1084 176 1120 tima
192 1084 319 1117 classe
349 1083 388 1117 in
406 1084 610 1127 gymnasio
637 1083 858 1119 Novesiano
884 1085 1062 1118 absoluta
1087 1084 1282 1128 gymnasii
1307 1093 1368 1118 ur-

28 1143 31 1145 ’
83 1139 173 1175 bani
186 1138 427 1174 Coloniensis
453 1138 509 1173 fui
534 1140 746 1183 discipulus
771 1149 841 1183 per
858 1140 956 1174 duos
974 1150 1110 1176 annos.
1135 1140 1368 1175 Maturitatis

83 1193 343 1228 testimonium
386 1194 447 1228 die
489 1193 615 1230 XXV.
655 1204 703 1229 m.
743 1194 855 1229 Febr.
888 1195 976 1229 1901
1022 1194 1186 1238 adeptus
1229 1195 1368 1229 studiis

23 1292 25 1295 Ι
83 1248 323 1293 philologieis
349 1258 411 1283 me
438 1249 525 1283 dedi
551 1250 590 1284 in
616 1251 717 1284 alma
743 1255 867 1284 matre
894 1250 1090 1285 Bonnensi
1126 1260 1196 1305 per
1232 1251 1366 1285 decem

84 1304 296 1348 semestria,
336 1314 405 1349 per
430 1314 559 1349 unum,
599 1306 724 1341 hieme
755 1305 858 1349 1902,
902 1306 1101 1351 Marpurgi
1128 1305 1367 1344 Chattorum.

20 1360 30 1369 ''
85 1361 256 1396 Examen
283 1370 353 1404 pro
378 1360 562 1396 facultate
589 1362 750 1396 docendi
788 1362 849 1396 die
888 1361 1028 1398 XXIII.
1054 1372 1104 1398 m.
1131 1362 1244 1398 Febr.
1276 1363 1367 1396 1907

84 1417 275 1462 superavi,
303 1418 519 1463 rigorosum
546 1418 719 1454 eiusdem
745 1418 889 1453 mensis
916 1418 977 1453 die
1003 1417 1166 1455 XXVII.
1217 1417 1369 1453 Deinde

9 1475 20 1515 fl
83 1473 226 1519 sodalis
251 1473 306 1508 fui
332 1483 402 1517 per
428 1484 571 1509 annum
601 1475 796 1509 seminarii
828 1475 1086 1519 paedagogici
1105 1474 1367 1509 Confluentini

10 1516 46 1570 Ῑ,
84 1530 295 1575 eodemque
334 1535 507 1575 tempore
545 1522 775 1576 praeceptor
813 1531 1106 1575 gymnasiorum
1146 1536 1184 1566 et
1222 1530 1370 1566 Baudo-

83 1586 275 1630 brigensis
302 1592 340 1621 et
365 1587 463 1630 regii
490 1587 761 1634 Confluentini‚
798 1588 903 1631 quod
928 1587 1098 1622 dicatum
1124 1593 1184 1622 est
1209 1588 1369 1631 impera-

3 1637 42 1685 -J-
84 1641 169 1676 trici
206 1642 422 1687 Augustae.
488 1642 692 1678 Candidati
729 1643 919 1688 probandi
954 1642 1147 1687 stipendia
1185 1643 1369 1678 emeritus

11 1695 40 1739 „4³ss
85 1697 321 1743 Aquisgrani
346 1699 385 1733 in
412 1700 628 1743 gymnasio,
655 1699 718 1734 cui
742 1709 883 1734 nomen
901 1704 961 1734 est
978 1699 1223 1743 imperatoris
1241 1698 1370 1734 Caroli

84 1753 226 1798 Magni,
253 1764 355 1789 nunc
381 1765 431 1789 ex
456 1765 590 1790 mense
609 1756 735 1799 Aprili
756 1756 849 1790 1909
867 1755 1052 1791 Coloniae
1078 1755 1117 1789 in
1134 1755 1243 1799 regio
1261 1765 1369 1799 gym-

8 1813 34 1841 ':
63 1810 192 1846 ,nasio
225 1820 346 1857 prope
381 1812 588 1849 ecclesiam
626 1813 891 1858 apostolorum
925 1813 999 1848 sito
1033 1821 1193 1848 munere
1226 1811 1369 1857 fungor

31 1906 33 1910 ⁸
85 1867 266 1902 ordinarii
291 1870 479 1913 magistri.
505 1891 551 1896 —
575 1870 770 1914 Quidquid
793 1879 928 1905 sumus
952 1875 1068 1914 atque
1095 1870 1249 1911 erimus,
1281 1879 1368 1903 cum

33 1956 35 1958 .
85 1922 384 1966 benignissimae
402 1934 519 1959 curae
532 1931 737 1969 parentum
754 1926 952 1968 debemus,
978 1931 1061 1959 tum
1079 1925 1305 1968 disciplinae
1330 1930 1369 1958 et

31 2023 39 2032 Δ
86 1976 377 2015 benevolentiae
391 1986 698 2025 praeceptorum.
725 1981 797 2016 His
811 1981 989 2016 omnibus
1008 1981 1155 2026 gratias
1175 1990 1249 2025 ago
1268 1980 1368 2015 debi2

35 2060 38 2067 .
85 2036 155 2075 tas,
183 2036 391 2079 praecipue
421 2042 551 2072 autem
581 2038 804 2081 gratissima
833 2038 1020 2072 memoria
1056 2047 1210 2081 semper
1245 2037 1369 2071 colam

30 2131 34 2134 =
86 2087 291 2126 Martinum
317 2093 500 2137 Mertens‚
537 2093 766 2128 directorem
803 2093 997 2138 gymnasii
1032 2093 1293 2136 Bruehlensis,
1332 2096 1370 2126 et

87 2142 265 2182 Ottonem
291 2147 423 2194 Rettig
461 2149 732 2185 Coloniensem
750 2151 783 2195 †,
823 2159 986 2194 quorum
1012 2149 1249 2184 institutione
1276 2148 1369 2184 anti-

32 2248 35 2251 *
86 2210 181 2245 quas
224 2204 373 2240 litteras
414 2206 624 2250 praecipuo
666 2207 776 2250 coepi
819 2216 951 2240 amore
994 2206 1185 2251 amplecti,
1231 2205 1369 2239 deinde

32 2289 34 2291 ,
87 2256 304 2303 Augustum
319 2261 568 2309 Brinkmann,
595 2262 845 2298 Franciscum
865 2262 1080 2297 Buecheler
1096 2263 1130 2309 †,
1159 2261 1368 2296 Antonium

86 2313 201 2359 Elter,
228 2319 424 2354 seminarii
450 2320 734 2364 philologorum
760 2319 1021 2354 Bonnensium
1046 2324 1230 2360 rectores,
1267 2317 1368 2352 deni-

87 2380 160 2413 que
185 2384 254 2409 eos
280 2376 398 2417 viros,
432 2377 498 2420 qui
523 2376 731 2420 primordia
756 2382 890 2410 nostra
915 2375 953 2409 in
990 2375 1121 2418 pueris
1147 2373 1368 2408 erudiendis

656 0 664 10 ἡ
676 0 1051 26 ψ-κ(ῖ-ἷττ-Ῑζῐ-σγῇωςιτνζῃχῇῇΐῃῗ
1063 0 1188 17 νςι-ῃιςᾳ--ιτη
1198 0 1203 5 ι
1212 0 1236 8 υτ.
1253 0 1258 6 ι
1272 0 1288 13 μ
1296 0 1372 17 *μὴ-,κη’
1398 0 1457 13 ’,ν-ι’»-
1517 16 1522 23 “
1557 9 1569 19 Ἣ
