1655 2789
753 184 944 214 ,24-

344 321 420 356 Dis
446 321 635 356 Manibus
660 331 830 357 sacrum.
884 321 960 357 Dis
986 311 1180 356 Manibus.
1233 321 1282 358 D.
1301 322 1351 356 M.

319 396 367 430 D.
389 396 435 429 M
466 405 545 430 una
570 405 659 430 cum
676 395 842 431 formula
860 397 896 431 h.
915 406 946 431 s.
965 405 994 432 e.
1032 401 1193 440 apparet
1233 395 1271 430 in
1298 395 1390 430 CIL.
1406 395 1495 430 VIII

207 453 320 487 15567
340 458 379 487 et
398 452 491 487 CIL.
511 452 561 486 III
581 453 649 487 761
671 458 710 487 et
728 453 835 496 7568,
864 453 911 487 de
937 453 1077 497 quibus
1090 461 1222 496 ,supra
1249 451 1339 489 dixi.
1383 452 1494 487 Prae-

201 514 309 543 terea
348 508 516 543 formula
554 518 642 543 cum
682 509 961 544 acclamatione
999 509 1097 543 have
1136 513 1282 544 exstat:
1324 507 1417 545 CIL.
1443 507 1494 544 III

205 566 353 601 141847.
408 566 653 609 Sebastopoli
692 566 862 610 (Bithyn.
895 572 933 600 et
964 566 1101 610 Pont.).
1142 566 1169 600 l.
1196 575 1299 601 saeC.
1338 575 1375 609 p.
1403 565 1494 601 Chr.

201 621 348 664 opinor.
383 621 547 665 Reliqua
573 623 752 665 exempla
779 622 893 655 modo
920 621 1147 666 perscripta,
1174 621 1290 655 modo
1316 621 1494 656 breviata

203 683 293 715 sunt
319 678 433 714 haec:
462 677 555 715 CIL.
574 677 665 714 XIII
684 678 791 715 2448.
818 679 858 713 in
883 679 972 715 vico
999 678 1138 722 Genay
1164 677 1326 714 Galliae.
1359 677 1495 714 Severi

202 735 353 770 aetatis.
383 735 477 771 CIL.
498 735 651 770 111333.
678 735 736 769 Cii
756 735 923 779 (Bithyn.
955 741 992 769 et
1012 735 1150 776 Pont.).
1178 739 1293 770 aetat.
1319 735 1495 778 imperat.

203 789 360 826 CIL.VI
373 790 507 827 28511.
534 790 693 827 Romae.
708 795 823 826 aetat.
840 791 1015 835 imperat.
1044 789 1135 827 CIL.
1151 789 1323 826 1116667.
1352 789 1495 826 Sidone

203 847 352 892 Syriae.
373 847 441 883 188
459 857 492 892 p.
505 847 594 884 Chr.
614 847 708 884 CIL.
719 847 769 883 III
786 848 914 885 11034.
941 848 1164 892 Brigetione
1182 847 1368 893 (Pannon.
1383 850 1494 892 sup.).

202 904 340 938 Incerti
358 909 474 948 temp.
516 904 609 940 CIL.
629 903 680 938 III
704 904 830 940 14180.
859 904 1010 938 Pataris
1030 904 1137 948 (Lyc.
1154 908 1192 938 et
1205 904 1391 948 Pamph.).
1421 903 1493 937 An-

202 960 324 995 tonini
344 965 483 996 aetate.
512 959 602 995 CIL.
622 959 673 994 III
695 960 774 996 191.
803 960 975 995 Beroeae
991 960 1140 1004 Syriae.
1167 959 1213 996 II.
1228 960 1291 994 vel
1310 958 1370 996 III.
1391 969 1494 996 saec.

204 1026 238 1061 p.
259 1016 349 1054 Chr.
390 1016 483 1053 CIL.
503 1016 554 1052 III
573 1017 680 1054 7410.
708 1016 964 1062 Philippopoli
982 1017 1182 1052 Thraciae.
1212 1021 1366 1054 exeunt.
1385 1016 1412 1053 I.
1433 1018 1496 1052 vel

205 1073 348 1108 ineunt.
379 1073 421 1109 II.
450 1083 553 1109 saeC.
581 1083 617 1117 p.
646 1073 735 1109 Chr.
777 1073 870 1109 CIL.
890 1073 941 1108 III
960 1074 1066 1110 6768.
1096 1073 1278 1117 Ancyrae
1305 1072 1494 1110 Galatiae.

202 1129 247 1166 II.
275 1140 376 1165 saec.
418 1139 453 1174 p.
481 1129 571 1166 Chr.
606 1130 698 1166 CIL.
719 1130 897 1167 1117331.
937 1129 1249 1166 Thessalonicae.
1276 1134 1393 1174 temp.
1420 1129 1493 1166 inc.

204 1186 362 1224 CIL.VI
378 1187 504 1223 10971.
530 1187 689 1223 Romae.
710 1186 754 1223 ΙΙ.
770 1197 873 1224 saeC.
892 1197 928 1231 p.
944 1187 1033 1224 Chr.
1061 1186 1161 1223 IGR.
1180 1186 1232 1221 III
1250 1187 1353 1223 1441.
1380 1186 1495 1221 Zelae

204 1243 486 1287 Cappadociae.
514 1244 671 1278 Traiani
704 1248 844 1280 aetate.
885 1243 978 1279 CIL.
999 1243 1050 1277 III
1076 1242 1183 1278 6762.
1211 1242 1395 1286 Ancyrae
1422 1242 1495 1277 Ga-

203 1299 329 1334 latiae.
371 1305 525 1336 exeunt.
553 1299 598 1336 II.
626 1301 687 1334 vel
726 1300 871 1336 ineunt.
901 1299 963 1336 III.
991 1309 1092 1336 saec.
1127 1309 1163 1343 p.
1191 1299 1278 1335 Chr.
1325 1297 1418 1334 CIL.
1445 1297 1496 1333 III

204 1355 311 1391 7299.
339 1365 459 1400 prope
478 1355 604 1400 Opum
624 1356 810 1392 Locridis.
838 1356 928 1390 boni
942 1356 1030 1391 aevi
1044 1356 1177 1400 imper.
1206 1354 1298 1391 CIL.
1318 1354 1369 1390 III
1388 1354 1495 1391 7552.

204 1412 336 1447 Tomis
365 1412 499 1457 (Moes.
519 1412 657 1459 insen).
685 1419 838 1451 exeunt.
858 1413 902 1450 II.
919 1414 981 1448 vel
999 1413 1141 1450 ineunt.
1161 1412 1223 1450 III.
1239 1422 1341 1449 saec.
1356 1422 1390 1457 p.
1405 1411 1495 1448 Chr.

205 1469 298 1506 CIL.
318 1469 495 1506 1117414.
524 1470 767 1514 Bessaparae
786 1470 992 1506 Thraciae.
1021 1475 1174 1506 exeunt.
1203 1469 1247 1508 ΙΙ.
1264 1470 1338 1505 vel.
1353 1469 1496 1504 ineunt.

204 1525 266 1562 III.
286 1536 388 1561 saec.
408 1536 443 1570 p.
465 1526 555 1563 Chr.
584 1526 676 1561 CIL.
697 1526 747 1561 III
770 1527 899 1563 13685.
918 1527 956 1561 in
974 1527 1221 1561 Proconneso
1247 1526 1374 1560 insula
1401 1526 1495 1570 (My-

204 1583 313 1626 siae).
340 1582 385 1619 11.
401 1592 503 1618 saeC.
531 1592 567 1626 p.
588 1581 678 1618 Chr.
706 1583 852 1626 opinor.
881 1582 973 1618 CIL.
994 1582 1171 1618 1117102.
1200 1581 1319 1616 Gordi
1336 1581 1496 1625 Lydiae.

205 1643 358 1672 exeunt.
387 1637 430 1673 II.
460 1639 523 1672 vel
549 1638 692 1672 ineunt.
722 1638 782 1674 III.
812 1648 913 1673 saeC.
942 1648 978 1681 p.
1006 1638 1094 1674 Chr.
1134 1637 1227 1674 CIL.
1251 1637 1337 1672 VIII
1366 1637 1493 1671 16867.

204 1703 325 1737 prope
353 1693 577 1728 Madauram
594 1692 762 1730 Africae.
791 1698 944 1729 exeunt.
973 1693 1016 1729 II.
1044 1694 1107 1727 vel
1134 1693 1276 1730 ineunt.
1302 1692 1364 1729 III.
1392 1703 1495 1729 saec.

204 1750 339 1793 p.Chr.
355 1750 448 1786 CIL.
459 1750 513 1785 VI
527 1750 659 1786 20618.
675 1750 831 1787 Romae.
852 1755 1006 1786 exeunt.
1021 1750 1066 1787 II.
1080 1751 1145 1785 vel
1159 1751 1303 1786 ineunt.
1318 1749 1380 1786 III.
1393 1760 1495 1786 saec.

204 1816 238 1849 p.
253 1806 342 1841 Chr.
378 1806 474 1841 Rev.
502 1807 607 1841 arch.
640 1806 766 1840 19071
796 1816 831 1850 p.
853 1807 936 1841 367.
970 1806 1008 1840 in
1036 1806 1178 1840 Pisidia
1205 1811 1359 1842 exeunt.
1387 1805 1413 1840 I.
1433 1807 1497 1840 vel

204 1862 348 1898 ineunt.
368 1862 412 1898 II.
433 1873 535 1898 saec.
556 1862 701 1906 opinor.
731 1862 823 1899 CIL.
843 1862 894 1897 III
913 1863 1019 1898 7549.
1045 1862 1177 1897 Tomis
1195 1867 1350 1898 exeunt.
1368 1861 1414 1898 II.
1433 1863 1497 1896 vel

204 1919 347 1955 Ineunt.
368 1918 428 1954 III.
449 1929 550 1953 saec.
572 1929 607 1962 p.
624 1918 714 1954 Chr.
742 1919 834 1955 CIL.
851 1918 902 1953 III
922 1920 1037 1954 14146
1048 1925 1069 1955 ¹.
1089 1919 1297 1962 Panospoli
1313 1918 1495 1962 Aegypti.

204 1974 295 2009 boni
327 1974 415 2009 aevi
442 1974 531 2018 imp.
566 1975 713 2018 opinor.
755 1975 847 2010 CIL.
869 1974 1020 2011 111421.
1056 1975 1125 2010 Tei
1152 1975 1310 2018 Lydiae,
1350 1975 1496 2017 mutila,

204 2031 278 2067 inc.
304 2035 420 2074 temp.

323 2087 408 2121 Hac
452 2097 500 2121 ex
545 2087 676 2121 tabula
713 2087 899 2132 sequitur,
941 2092 982 2122 ut
1017 2086 1184 2122 formula
1220 2091 1354 2122 nostra
1390 2096 1495 2121 num-

205 2152 319 2187 quam
346 2143 519 2177 adhibita
546 2143 594 2177 sit
613 2143 757 2177 liberae
784 2143 840 2177 rei
860 2144 962 2186 publ.
990 2148 1164 2187 tempore
1192 2149 1229 2177 et
1247 2143 1370 2186 primo
1397 2153 1497 2177 aevo

204 2199 464 2242 imperatorio.
506 2198 609 2233 Satis
636 2209 724 2233 raro
752 2204 913 2244 apparet
939 2199 1062 2243 primo
1090 2209 1124 2243 p.
1148 2199 1236 2235 Chr.
1264 2209 1300 2235 n.
1328 2199 1496 2240 saeculo,

205 2255 417 2290 crebrescit
443 2260 573 2289 autem
592 2255 630 2289 in
657 2255 777 2289 titulis
795 2255 839 2291 II.
859 2256 1017 2290 saeculo
1044 2265 1080 2299 p.
1100 2255 1190 2291 Chr.
1218 2255 1354 2299 positis
1373 2255 1496 2298 iisque

204 2311 403 2354 imprimis,
431 2321 528 2354 quos
552 2311 602 2345 ad
628 2310 746 2345 finem
765 2311 879 2346 huius
905 2311 1050 2346 saeculi
1070 2311 1134 2345 vel
1160 2311 1209 2345 ad
1236 2311 1384 2345 initium
1412 2311 1496 2345 sub-

204 2367 402 2412 sequentis
430 2368 659 2403 rettulimus.
712 2367 770 2401 De
798 2367 844 2402 iis
871 2367 998 2411 igitur,
1026 2377 1123 2412 quos
1149 2367 1334 2412 temporis
1361 2367 1496 2402 incerti
