1655 2789
281 736 367 770 Deo
409 735 567 770 favente
613 735 836 779 propediem
874 736 1139 771 collectionem
1177 735 1449 779 praebebimus

164 792 335 827 omnium
359 791 652 836 inscriptionum
687 792 908 827 chartarum
933 800 1176 826 nummorum
1209 790 1448 835 bilinguium,

164 855 264 893 quae
289 848 469 883 Latinum
496 857 714 882 sermonem
746 853 784 883 et
809 848 1018 883 Graecum‘
1035 847 1089 882 ita
1120 841 1370 890 coniungunt,
1408 851 1450 881 ut

164 904 263 940 alter
297 905 414 949 plane
452 904 516 939 vel
558 903 639 939 fere
681 904 916 949 respondeat
951 903 1061 939 alteri
1100 906 1138 938 et
1176 902 1275 938 duae
1318 907 1449 947 partes

163 962 389 1006 plerumque
416 961 638 996 contineant
663 961 917 1006 archetypum
950 971 997 995 ac
1022 960 1327 996 translationem.
1378 959 1449 995 His

163 1017 285 1052 titulis
298 1017 484 1052 ordinatis
499 1022 538 1051 et
552 1017 782 1051 examinatis
797 1017 1044 1061 quaestiones
1058 1016 1322 1058 tractabimus,
1349 1025 1449 1060 quae

164 1072 252 1107 inde
279 1073 482 1109 exsistunt.
534 1072 664 1117 Atque
690 1073 853 1116 primum
880 1073 1036 1117 quidem
1072 1072 1281 1116 quaeritur,
1320 1081 1450 1116 quem-

163 1129 371 1165 admodum
397 1129 497 1165 tituli
519 1130 753 1165 cohaereant
772 1139 858 1165 cum
877 1129 1036 1177 antiqua
1053 1129 1134 1164 vita
1152 1134 1268 1174 atque
1287 1129 1448 1172 cultura,

163 1187 368 1231 agiturque
380 1187 429 1221 de
440 1187 559 1221 variis
573 1187 781 1230 generibus
793 1187 1030 1230 bilinguium,
1044 1187 1091 1220 de
1103 1192 1287 1229 tempore,
1300 1177 1450 1230 origine

163 1246 280 1286 atque
307 1242 442 1276 ordine
468 1251 613 1285 eorum,
640 1242 705 1286 qui
731 1242 862 1277 titulos
889 1242 1215 1286 conscripserunt,
1244 1241 1292 1275 de
1318 1241 1450 1276 arche-

163 1304 256 1342 typo
274 1308 351 1333 non
371 1299 497 1333 minus
516 1304 632 1343 atque
651 1298 699 1332 de
718 1298 968 1342 dispositione
995 1298 1225 1342 linguarum,
1253 1297 1300 1332 de
1320 1297 1449 1332 discri-

163 1354 341 1397 minibus,
357 1364 456 1399 quae
474 1354 574 1389 inter
592 1360 795 1398 utramque
812 1359 961 1398 partem
979 1354 1221 1388 intercedunt
1240 1354 1449 1397 titulorum,

164 1415 202 1445 et
228 1410 287 1453 iis,
314 1420 414 1454 quae
432 1411 532 1445 inter
550 1410 725 1454 singulas
752 1411 899 1445 classes
917 1410 1119 1455 intersunt,
1146 1414 1184 1444 et
1202 1409 1255 1444 ita
1282 1409 1448 1458 quidem,

163 1472 205 1502 ut
230 1466 435 1512 perspicua
461 1466 557 1502 fiant
583 1472 622 1502 et
648 1467 765 1510 clara,
796 1476 895 1512 quae
922 1466 1089 1502 obscura
1115 1465 1305 1510 videntur,
1333 1471 1449 1511 atque

162 1523 456 1558 fundamentum
482 1525 649 1569 positum
677 1524 726 1558 sit
744 1530 782 1557 et
799 1523 1034 1567 bilinguibus
1052 1523 1321 1566 monumentis,
1349 1533 1449 1567 quae

162 1584 298 1624 postea
309 1580 345 1614 in
360 1580 485 1615 lucem
496 1580 714 1624 prodibunt,
726 1579 974 1624 disponendis
988 1584 1026 1614 et
1041 1574 1291 1623 explicandis,
1307 1583 1345 1614 et
1359 1579 1450 1614 mul-

162 1636 212 1671 tis
238 1636 541 1681 quaestionibus,
573 1646 673 1681 quae
699 1637 749 1671 ad
783 1641 905 1671 artem
936 1636 1227 1680 epigraphicam
1256 1636 1450 1680 pertinent

163 1690 355 1726 Graecam
372 1692 512 1726 aetatis
527 1691 735 1728 Romanae.
775 1692 908 1726 Altera
935 1691 1073 1726 deinde
1099 1701 1190 1735 pars
1210 1691 1259 1726 ad
1276 1692 1450 1735 linguam

162 1746 361 1781 titulorum
386 1747 605 1791 pertinebit.
658 1747 742 1782 Hoc
768 1747 853 1781 loco
880 1746 1008 1781 omnia
1034 1746 1232 1781 titulorum
1259 1747 1450 1782 vocabula

162 1803 263 1838 inter
298 1813 341 1838 se
377 1803 651 1848 respondentia
677 1804 840 1848 primum
868 1808 1150 1847 componuntur
1176 1809 1450 1848 comparantur

163 1859 448 1904 perquiruntur,
488 1865 529 1894 ut
555 1861 707 1895 eluceat
745 1869 822 1894 non
858 1860 995 1902 solum,
1034 1869 1134 1904 quae
1172 1859 1315 1894 fuerint
1340 1860 1450 1895 vocis

163 1915 349 1960 cuiusque
367 1915 529 1950 Latinae
557 1916 689 1951 variae
716 1915 989 1951 translationes
1004 1915 1179 1951 Graecae
1206 1921 1244 1951 et
1271 1916 1448 1959 invicem,

162 1981 299 2007 verum
325 1972 453 2018 etiam,
493 1977 683 2016 quatenus
711 1972 889 2007 diversae
916 1972 992 2007 sint
1024 1972 1201 2017 singulae
1228 1973 1450 2017 interpreta-

143 2027 298 2077 tiones.
351 2027 535 2063 Similiter
561 2028 738 2072 singulae
764 2038 827 2062 res
855 2028 950 2062 artis
978 2033 1192 2071 syntaxeos
1222 2033 1448 2064 tractantur.

162 2083 261 2128 Spes
312 2089 383 2127 est,
435 2088 643 2128 postquam
695 2084 768 2118 hoc
819 2084 933 2118 modo
984 2083 1278 2119 fundamentum
1321 2084 1450 2119 ieceri-

162 2149 260 2183 mus,
287 2140 457 2175 futurum
484 2150 583 2185 esse,
611 2146 652 2175 ut
673 2140 848 2175 similiter
864 2140 1137 2184 perquirantur
1155 2146 1309 2175 veteres
1333 2141 1450 2185 scrip-

162 2201 279 2239 tores,
307 2197 371 2240 qui
394 2207 444 2231 ex
468 2196 607 2231 Latino
631 2197 810 2231 sermone
836 2201 1036 2231 verterunt
1059 2196 1098 2230 in
1113 2196 1307 2231 Graecum
1336 2202 1374 2232 et
1399 2197 1449 2231 in-

162 2252 300 2290 vicem.
331 2275 370 2280 -
412 2252 591 2289 Omnium
631 2253 922 2298 inscriptionum
949 2252 1172 2289 Latinarum
1209 2253 1449 2289 Graecarum

161 2310 390 2353 bilinguium
429 2320 510 2352 eae,
554 2312 602 2344 de
641 2311 781 2353 quibus
807 2310 984 2352 diximus,
1011 2310 1104 2344 nihil
1130 2310 1204 2344 nisi
1229 2319 1322 2353 pars
1347 2316 1448 2346 sunt.

162 2364 365 2400 Accedunt
407 2370 666 2414 monumenta,
710 2365 749 2400 in
791 2364 930 2410 quibus
972 2365 1095 2400 verba
1129 2365 1268 2400 Latina
1310 2365 1449 2401 litteris

162 2421 324 2457 Graecis
354 2427 445 2458 sunt
474 2422 705 2467 conscripta,
732 2428 770 2458 et
800 2422 886 2466 alia,
924 2432 1023 2468 quae
1050 2422 1201 2458 Graece
1237 2423 1449 2467 composita
