1655 2789
774 196 968 226 ..38-

220 302 374 326 monem
401 293 464 326 vel
490 293 675 337 populum
702 293 913 328 obnoxium
930 277 1060 328 ‘fuisse
1086 294 1199 329 alteri
1229 299 1268 329 et
1294 295 1512 338 exemplum

219 353 409 397 tenemus,
437 349 470 383 si
495 348 665 384 formula
690 345 831 384 Latina
858 350 1034 385 insecuta
1060 355 1120 385 est
1147 350 1351 394 Graecam,
1378 350 1513 386 Roma-

221 415 294 440 nos
321 406 513 440 obnoxios
540 405 662 440 fuisse
689 405 865 449 Graecis,
892 405 926 441 si
944 399 1097 441 Graeca
1123 406 1313 449 Latinam,
1341 406 1515 441 Graecos

221 461 454 506 pependisse
491 462 540 496 ab
577 461 665 498 illiS.
718 461 865 505 Quodsi
890 461 1079 496 foomulae
1105 472 1176 506 per
1201 462 1515 498 substitutionem

219 522 370 552 tantum
384 517 559 552 redditae
573 522 674 560 sunt,
685 517 974 553 demonstratur
988 518 1238 552 formularum
1251 523 1401 562 partem
1412 518 1515 552 Lati-

220 583 310 608 nam
349 583 427 607 non
467 583 556 608 esse
595 578 837 617 assumptam
877 584 901 608 a
926 574 1090 608 Graecis
1126 574 1295 618 itemque
1322 573 1514 608 Graecam

219 629 426 664 formulam
452 634 584 663 natam
610 639 688 663 non
715 638 803 664 esse
830 629 869 663 in
896 631 978 664 solo
1004 629 1153 666 Latino.
1205 630 1373 664 Exstant
1399 630 1515 664 etiam

219 684 422 727 formulae,
461 694 625 729 quarum
652 685 775 719 altera
810 694 903 729 pars
930 695 1084 730 semper
1110 686 1231 731 deest,
1273 695 1359 720 cum
1393 686 1516 720 altera

222 741 334 777 adsit.
387 741 447 778 Ex
473 742 546 786 his,
586 741 620 776 si
658 742 839 785 exempla
876 746 957 776 tam
983 743 1121 777 crebra
1161 747 1262 784 sunt,
1302 748 1344 777 ut
1370 741 1514 787 aliquid

220 798 343 842 possit
357 798 547 840 concludi,
575 798 642 832 vix
668 802 729 832 est
747 807 816 832 cur
834 798 1054 833 dubitemus
1073 798 1277 833 formulam
1297 803 1514 833 exstantem

220 864 309 889 esse
336 854 571 899 indigenam.
612 853 742 898 Atque
761 854 878 889 etiam
904 854 935 889 si
954 853 1121 889 formula
1147 860 1185 890 et
1203 856 1327 899 primo
1346 860 1384 889 et
1402 855 1515 890 tertio

220 911 336 945 modo
362 920 552 955 expressa
571 916 642 956 est,
670 910 718 944 de
737 910 955 947 definienda
973 911 1122 955 origine
1140 912 1268 946 omnia
1288 917 1378 946 sunt
1397 912 1515 947 clara.

221 967 262 1002 Si
288 971 417 1002 autem
444 966 610 1001 formula
637 975 826 1010 expressa
853 971 914 1001 est
940 976 1017 1002 non
1043 967 1117 1001 nisi
1135 972 1173 1002 et
1191 977 1260 1011 per
1279 967 1515 1002 substitutio-

220 1032 309 1058 nem
336 1028 375 1057 et
399 1032 470 1067 per
496 1022 791 1057 translationem
817 1027 856 1057 et
873 1023 937 1058 ille
955 1023 1092 1058 modus
1111 1023 1304 1068 antiquior
1321 1028 1382 1059 est
1399 1033 1513 1069 quam

220 1080 294 1123 hic,
331 1079 564 1114 concludere
601 1079 788 1113 debemus
823 1078 1013 1114 formulae
1040 1089 1109 1124 per
1135 1080 1428 1115 translationem
1454 1090 1515 1115 ex-

220 1146 380 1181 pressae
407 1137 570 1171 alteram
596 1141 747 1179 partem
773 1136 822 1170 ab
849 1137 972 1170 altero
998 1138 1140 1181 populo
1166 1142 1406 1181 assumptam
1425 1147 1513 1172 esse

221 1199 261 1228 et
287 1193 536 1230 statuendum
571 1197 642 1235 est,
679 1197 768 1227 utra
803 1202 896 1237 pars
933 1193 1121 1228 formulae
1157 1194 1370 1229 translatae
1404 1194 1516 1228 alteri

178 1253 180 1255 '
222 1255 419 1285 vetustate
445 1248 667 1293 praecedat,
695 1248 784 1293 quia
802 1249 877 1283 hoc
903 1249 1017 1284 modo
1036 1249 1224 1293 originem
1249 1250 1437 1285 formulae
1463 1250 1515 1284 in-

222 1306 413 1343 venimus,
441 1305 571 1349 Atque
585 1314 702 1349 porro
716 1305 819 1349 quod
831 1304 1018 1340 formulas
1031 1305 1218 1349 quasdam
1237 1306 1408 1340 redditas
1427 1316 1516 1342 esse

223 1362 401 1396 videmus
416 1372 493 1397 non
510 1362 585 1397 nisi
604 1366 643 1396 et
660 1371 731 1405 per
748 1362 1042 1396 translationem
1069 1367 1107 1397 et
1133 1363 1246 1397 tertio
1272 1362 1397 1406 modo,
1424 1362 1516 1407 quid

223 1418 312 1452 inde
331 1415 621 1453 concludimus?
647 1417 774 1453 Etiam
788 1422 869 1452 turn
885 1418 1094 1462 quaeritur,
1113 1423 1201 1453 utra
1213 1419 1311 1453 ratio
1325 1419 1517 1464 antiquior

222 1475 283 1512 sit.
336 1474 466 1519 Atque
493 1474 527 1510 si
552 1475 654 1509 hanc
679 1474 848 1518 priorem
881 1484 969 1510 esse
1006 1475 1211 1510 statuimus
1238 1480 1277 1510 et
1303 1485 1367 1510 res
1393 1476 1445 1511 ita
1473 1486 1515 1511 se

222 1532 351 1572 habet,
380 1536 421 1565 ut
447 1530 576 1565 adsint
593 1530 743 1572 Latina,
771 1530 899 1566 desint
913 1530 1076 1575 Graeca,
1104 1531 1309 1566 formulam
1326 1532 1516 1577 originem

221 1588 390 1622 traxisse
417 1597 465 1622 ex
480 1587 641 1629 Latinis,
669 1587 702 1621 si
728 1587 871 1621 adsunt
897 1587 1050 1622 Graeca
1077 1593 1115 1622 et
1142 1588 1281 1623 desunt
1299 1587 1450 1634 Latina,
1477 1588 1516 1623 in

223 1644 386 1679 Graecis
423 1644 628 1678 formulam
665 1648 790 1678 ortam
821 1653 910 1678 esse
936 1654 1151 1679 censemus.
1205 1645 1352 1688 Quodsi
1379 1645 1516 1679 modus

222 1700 488 1735 translationis
514 1699 621 1744 prior
648 1704 708 1735 est
734 1700 848 1735 tertia
874 1700 1034 1744 ratione,
1063 1701 1273 1745 quaeritur,
1311 1706 1398 1736 utra
1424 1711 1516 1746 pars

223 1757 412 1792 formulae
427 1757 641 1792 translatae
655 1756 849 1800 antiquior
863 1757 923 1801 sit,
950 1757 1090 1792 Latina
1108 1767 1158 1792 an
1174 1757 1337 1801 Graeca,
1365 1758 1516 1793 eadem-

223 1823 297 1859 que
325 1813 501 1858 quaestio
529 1812 693 1858 exsistit,
721 1813 754 1847 si
778 1812 967 1849 formulas
994 1813 1194 1857 habemus,
1221 1823 1321 1858 quae
1347 1824 1423 1849 non
1442 1814 1516 1850 nisi

223 1873 292 1916 per
318 1870 612 1906 translationem
640 1869 815 1905 redditae
833 1877 935 1906 sunt.
973 1870 1044 1905 His
1063 1871 1287 1915 praemissis
1314 1871 1390 1906 iam
1416 1876 1516 1906 tran-

223 1937 380 1963 seamus
406 1928 456 1962 ad
475 1927 640 1971 singula.
675 1926 805 1971 Atque
824 1927 990 1971 primum
1009 1927 1164 1971 quidem
1181 1926 1367 1962 formulas
1384 1938 1516 1962 secun-

223 1982 315 2019 d'um
341 1984 498 2018 modum
517 1982 705 2018 reddendi
723 1992 965 2027 componam,
993 1983 1131 2018 deinde
1149 1989 1291 2027 autem,
1318 1983 1409 2028 quid
1427 1984 1516 2018 inde

223 2045 422 2084 appareat,
449 2040 585 2084 paucis
611 2040 813 2076 illustrem.
858 2038 1028 2083 Numeri,
1055 2039 1121 2083 qui
1139 2040 1304 2083 singulis
1327 2040 1516 2084 exemplis

223 2095 364 2130 adiecti
382 2101 483 2141 sunt,
510 2095 667 2129 modum
685 2094 872 2129 reddendi
890 2094 1071 2137 indicant,
1098 2095 1246 2130 scilicet
1272 2094 1317 2141 (I)
1344 2104 1413 2139 per
1431 2096 1516 2130 sub-

224 2152 475 2195 stitutionem,
516 2151 579 2197 (ΙΙ)
617 2161 688 2196 per
713 2150 1006 2187 translationem
1033 2161 1273 2196 expressum,
1313 2151 1392 2197 (ΙΙΙ)
1419 2152 1453 2187 si
1477 2151 1516 2186 in

223 2210 345 2243 altera
372 2209 506 2252 lingua
533 2209 697 2242 formula
724 2208 846 2255 adest,
875 2217 962 2241 cum
989 2208 1088 2242 desit
1114 2208 1152 2242 in
1179 2209 1314 2244 altera.
