<?xml version="1.0" encoding="UTF-8"?>
<!DOCTYPE html PUBLIC "-//W3C//DTD XHTML 1.0 Transitional//EN"
    "http://www.w3.org/TR/xhtml1/DTD/xhtml1-transitional.dtd">
<html xmlns="http://www.w3.org/1999/xhtml" xml:lang="en" lang="en">
 <head>
  <title>
</title>
<meta http-equiv="Content-Type" content="text/html;charset=utf-8" />
  <meta name='ocr-system' content='tesseract 3.04.00' />
  <meta name='ocr-capabilities' content='ocr_page ocr_carea ocr_par ocr_line ocrx_word'/>
</head>
<body>
  <div class='ocr_page' id='page_1' title='image "4737799_0068.png"; bbox 0 0 1655 2789; ppageno 0'>
   <div class='ocr_carea' id='block_1_1' title="bbox 759 184 952 214">
    <p class='ocr_par' dir='ltr' id='par_1_1' title="bbox 759 184 952 214">
     <span class='ocr_line' id='line_1_1' title="bbox 759 184 952 214; baseline 0 -8"><span class='ocrx_word' id='word_1_1' title='bbox 759 184 952 214; x_wconf 66' lang='lat'>-32-</span> 
     </span>
    </p>
   </div>
   <div class='ocr_carea' id='block_1_2' title="bbox 324 281 907 499">
    <p class='ocr_par' dir='ltr' id='par_1_2' title="bbox 324 281 907 499">
     <span class='ocr_line' id='line_1_2' title="bbox 325 281 907 330; baseline 0 -11"><span class='ocrx_word' id='word_1_2' title='bbox 325 295 402 319; x_wconf 90' lang='grc' dir='ltr'>τιον</span> <span class='ocrx_word' id='word_1_3' title='bbox 429 281 587 330; x_wconf 88' lang='grc' dir='ltr'>Λευκίο[υ</span> <span class='ocrx_word' id='word_1_4' title='bbox 614 283 693 319; x_wconf 84' lang='grc' dir='ltr'>υἱὸν</span> <span class='ocrx_word' id='word_1_5' title='bbox 719 283 907 327; x_wconf 69' lang='grc' dir='ltr'>Ἀνιήσηςὲ</span> 
     </span>
     <span class='ocr_line' id='line_1_3' title="bbox 324 339 856 386; baseline 0 -10"><span class='ocrx_word' id='word_1_6' title='bbox 324 341 515 384; x_wconf 84' lang='grc' dir='ltr'><strong>Πὸμπηίου</strong></span> <span class='ocrx_word' id='word_1_7' title='bbox 534 339 698 386; x_wconf 88' lang='grc' dir='ltr'>Μ[άγνου</span> <span class='ocrx_word' id='word_1_8' title='bbox 724 339 856 383; x_wconf 56' lang='grc' dir='ltr'>ἀπόγοέ</span> 
     </span>
     <span class='ocr_line' id='line_1_4' title="bbox 325 396 822 442; baseline -0.002 -10"><span class='ocrx_word' id='word_1_9' title='bbox 325 408 390 433; x_wconf 93' lang='grc' dir='ltr'>νον</span> <span class='ocrx_word' id='word_1_10' title='bbox 416 396 694 442; x_wconf 77' lang='grc' dir='ltr'>Σκριβων[ιανὸν</span> <span class='ocrx_word' id='word_1_11' title='bbox 719 396 822 440; x_wconf 83' lang='grc' dir='ltr'>ἔπαρ-</span> 
     </span>
     <span class='ocr_line' id='line_1_5' title="bbox 325 452 865 499; baseline 0 -10"><span class='ocrx_word' id='word_1_12' title='bbox 325 464 391 497; x_wconf 91' lang='grc' dir='ltr'>χον</span> <span class='ocrx_word' id='word_1_13' title='bbox 417 452 555 496; x_wconf 86' lang='grc' dir='ltr'>Ῥώμης</span> <span class='ocrx_word' id='word_1_14' title='bbox 581 452 789 499; x_wconf 83' lang='grc' dir='ltr'>α[ὔγουρα.</span> <span class='ocrx_word' id='word_1_15' title='bbox 818 480 826 488; x_wconf 93' lang='grc'>.</span> <span class='ocrx_word' id='word_1_16' title='bbox 856 480 865 489; x_wconf 93' lang='grc'><strong>.</strong></span> 
     </span>
    </p>
   </div>
   <div class='ocr_carea' id='block_1_3' title="bbox 208 522 1500 1194">
    <p class='ocr_par' dir='ltr' id='par_1_3' title="bbox 208 522 1500 1026">
     <span class='ocr_line' id='line_1_6' title="bbox 209 522 1498 582; baseline 0 -17"><span class='ocrx_word' id='word_1_17' title='bbox 209 530 331 566; x_wconf 93' lang='lat' dir='ltr'>Vides</span> <span class='ocrx_word' id='word_1_18' title='bbox 369 531 409 565; x_wconf 90' lang='lat' dir='ltr'>in</span> <span class='ocrx_word' id='word_1_19' title='bbox 447 530 575 575; x_wconf 89' lang='lat' dir='ltr'>priore</span> <span class='ocrx_word' id='word_1_20' title='bbox 602 531 779 575; x_wconf 88' lang='lat' dir='ltr'>exemplo</span> <span class='ocrx_word' id='word_1_21' title='bbox 806 530 956 582; x_wconf 84' lang='lat' dir='ltr'>Latina</span> <span class='ocrx_word' id='word_1_22' title='bbox 985 531 1109 578; x_wconf 86' lang='lat' dir='ltr'>verba</span> <span class='ocrx_word' id='word_1_23' title='bbox 1132 530 1288 566; x_wconf 84' lang='lat' dir='ltr'>‘Italicei</span> <span class='ocrx_word' id='word_1_24' title='bbox 1314 536 1353 565; x_wconf 90' lang='lat' dir='ltr'>et</span> <span class='ocrx_word' id='word_1_25' title='bbox 1379 522 1498 566; x_wconf 82' lang='lat' dir='ltr'>Grae-</span> 
     </span>
     <span class='ocr_line' id='line_1_7' title="bbox 209 575 1500 639; baseline 0 -17"><span class='ocrx_word' id='word_1_26' title='bbox 209 588 268 622; x_wconf 92' lang='lat' dir='ltr'>cei</span> <span class='ocrx_word' id='word_1_27' title='bbox 307 588 396 632; x_wconf 90' lang='lat' dir='ltr'>quei</span> <span class='ocrx_word' id='word_1_28' title='bbox 435 587 549 622; x_wconf 90' lang='lat' dir='ltr'>Delei</span> <span class='ocrx_word' id='word_1_29' title='bbox 587 587 813 623; x_wconf 86' lang='lat' dir='ltr'>consistunt</span> <span class='ocrx_word' id='word_1_30' title='bbox 850 575 1018 624; x_wconf 85' lang='lat' dir='ltr'>minime</span> <span class='ocrx_word' id='word_1_31' title='bbox 1043 592 1230 636; x_wconf 85' lang='lat' dir='ltr'>accurate</span> <span class='ocrx_word' id='word_1_32' title='bbox 1265 587 1500 639; x_wconf 87' lang='lat' dir='ltr'>respondere</span> 
     </span>
     <span class='ocr_line' id='line_1_8' title="bbox 211 640 1500 694; baseline -0.001 -15"><span class='ocrx_word' id='word_1_33' title='bbox 211 644 374 679; x_wconf 90' lang='lat' dir='ltr'>Graecis</span> <span class='ocrx_word' id='word_1_34' title='bbox 401 645 561 681; x_wconf 85' lang='grc' dir='ltr'>Ἰταλικοὶ</span> <span class='ocrx_word' id='word_1_35' title='bbox 587 646 643 680; x_wconf 88' lang='grc' dir='ltr'>καὶ</span> <span class='ocrx_word' id='word_1_36' title='bbox 668 640 841 689; x_wconf 84' lang='grc' dir='ltr'>Ἕλληνες</span> <span class='ocrx_word' id='word_1_37' title='bbox 868 640 908 682; x_wconf 87' lang='grc' dir='ltr'>οἱ</span> <span class='ocrx_word' id='word_1_38' title='bbox 927 641 1211 694; x_wconf 83' lang='grc' dir='ltr'>κᾳτ[οικοῦντες],</span> <span class='ocrx_word' id='word_1_39' title='bbox 1247 649 1285 678; x_wconf 93' lang='lat' dir='ltr'>et</span> <span class='ocrx_word' id='word_1_40' title='bbox 1310 643 1351 679; x_wconf 88' lang='lat' dir='ltr'>in</span> <span class='ocrx_word' id='word_1_41' title='bbox 1377 645 1500 679; x_wconf 87' lang='lat' dir='ltr'>altero</span> 
     </span>
     <span class='ocr_line' id='line_1_9' title="bbox 209 700 1500 748; baseline -0.002 -13"><span class='ocrx_word' id='word_1_42' title='bbox 209 711 367 735; x_wconf 91' lang='lat' dir='ltr'>cursum</span> <span class='ocrx_word' id='word_1_43' title='bbox 409 701 620 735; x_wconf 86' lang='lat' dir='ltr'>verborum</span> <span class='ocrx_word' id='word_1_44' title='bbox 664 700 890 735; x_wconf 89' lang='lat' dir='ltr'>Latinorum</span> <span class='ocrx_word' id='word_1_45' title='bbox 932 701 1046 744; x_wconf 88' lang='lat' dir='ltr'>plane</span> <span class='ocrx_word' id='word_1_46' title='bbox 1090 700 1207 748; x_wconf 83' lang='lat' dir='ltr'>alium</span> <span class='ocrx_word' id='word_1_47' title='bbox 1256 710 1344 735; x_wconf 88' lang='lat' dir='ltr'>esse</span> <span class='ocrx_word' id='word_1_48' title='bbox 1383 705 1500 744; x_wconf 90' lang='lat' dir='ltr'>atque</span> 
     </span>
     <span class='ocr_line' id='line_1_10' title="bbox 210 755 1499 800; baseline -0.001 -10"><span class='ocrx_word' id='word_1_49' title='bbox 210 755 462 800; x_wconf 89' lang='lat' dir='ltr'>Graecorum,</span> <span class='ocrx_word' id='word_1_50' title='bbox 503 765 602 800; x_wconf 92' lang='lat' dir='ltr'>quae</span> <span class='ocrx_word' id='word_1_51' title='bbox 629 755 851 791; x_wconf 85' lang='lat' dir='ltr'>discrimina</span> <span class='ocrx_word' id='word_1_52' title='bbox 878 755 1014 791; x_wconf 89' lang='lat' dir='ltr'>eodem</span> <span class='ocrx_word' id='word_1_53' title='bbox 1040 756 1188 790; x_wconf 79' lang='lat' dir='ltr'>releras</span> <span class='ocrx_word' id='word_1_54' title='bbox 1227 755 1344 789; x_wconf 90' lang='lat' dir='ltr'>velim</span> <span class='ocrx_word' id='word_1_55' title='bbox 1383 760 1499 799; x_wconf 88' lang='lat' dir='ltr'>atque</span> 
     </span>
     <span class='ocr_line' id='line_1_11' title="bbox 210 809 1498 857; baseline -0.001 -10"><span class='ocrx_word' id='word_1_56' title='bbox 210 823 269 856; x_wconf 87' lang='lat' dir='ltr'>ea,</span> <span class='ocrx_word' id='word_1_57' title='bbox 315 823 416 857; x_wconf 90' lang='lat' dir='ltr'>quae</span> <span class='ocrx_word' id='word_1_58' title='bbox 444 822 562 857; x_wconf 90' lang='lat' dir='ltr'>supra</span> <span class='ocrx_word' id='word_1_59' title='bbox 587 812 626 846; x_wconf 90' lang='lat' dir='ltr'>in</span> <span class='ocrx_word' id='word_1_60' title='bbox 652 811 773 847; x_wconf 91' lang='lat' dir='ltr'>titulis</span> <span class='ocrx_word' id='word_1_61' title='bbox 800 820 960 857; x_wconf 88' lang='lat' dir='ltr'>operum</span> <span class='ocrx_word' id='word_1_62' title='bbox 986 809 1229 857; x_wconf 85' lang='lat' dir='ltr'>publicorum</span> <span class='ocrx_word' id='word_1_63' title='bbox 1262 811 1498 847; x_wconf 89' lang='lat' dir='ltr'><strong>invenimus:</strong></span> 
     </span>
     <span class='ocr_line' id='line_1_12' title="bbox 209 868 1499 915; baseline -0.001 -13"><span class='ocrx_word' id='word_1_64' title='bbox 209 869 501 912; x_wconf 87' lang='lat' dir='ltr'>inscriptionum</span> <span class='ocrx_word' id='word_1_65' title='bbox 528 869 627 915; x_wconf 89' lang='lat' dir='ltr'>duae</span> <span class='ocrx_word' id='word_1_66' title='bbox 654 873 785 913; x_wconf 85' lang='lat' dir='ltr'>partes</span> <span class='ocrx_word' id='word_1_67' title='bbox 812 877 889 904; x_wconf 85' lang='lat' dir='ltr'>non</span> <span class='ocrx_word' id='word_1_68' title='bbox 923 868 1087 903; x_wconf 89' lang='lat' dir='ltr'>eandem</span> <span class='ocrx_word' id='word_1_69' title='bbox 1102 868 1316 914; x_wconf 86' lang='lat' dir='ltr'>originem</span> <span class='ocrx_word' id='word_1_70' title='bbox 1355 868 1499 901; x_wconf 91' lang='lat' dir='ltr'>ducunt</span> 
     </span>
     <span class='ocr_line' id='line_1_13' title="bbox 208 907 1499 969; baseline -0.002 -10"><span class='ocrx_word' id='word_1_71' title='bbox 208 934 334 969; x_wconf 90' lang='lat' dir='ltr'>neque</span> <span class='ocrx_word' id='word_1_72' title='bbox 362 925 485 959; x_wconf 87' lang='lat' dir='ltr'>altera</span> <span class='ocrx_word' id='word_1_73' title='bbox 511 934 600 959; x_wconf 90' lang='lat' dir='ltr'>cum</span> <span class='ocrx_word' id='word_1_74' title='bbox 626 933 720 959; x_wconf 88' lang='lat' dir='ltr'>cura</span> <span class='ocrx_word' id='word_1_75' title='bbox 745 933 796 958; x_wconf 84' lang='lat' dir='ltr'>ex</span> <span class='ocrx_word' id='word_1_76' title='bbox 822 917 946 959; x_wconf 80' lang='lat' dir='ltr'>altera‘</span> <span class='ocrx_word' id='word_1_77' title='bbox 965 907 1161 959; x_wconf 77' lang='lat' dir='ltr'>translata</span> <span class='ocrx_word' id='word_1_78' title='bbox 1174 928 1244 968; x_wconf 90' lang='lat' dir='ltr'>est,</span> <span class='ocrx_word' id='word_1_79' title='bbox 1273 923 1343 958; x_wconf 86' lang='lat' dir='ltr'>sed</span> <span class='ocrx_word' id='word_1_80' title='bbox 1360 922 1499 958; x_wconf 88' lang='lat' dir='ltr'>Latina</span> 
     </span>
     <span class='ocr_line' id='line_1_14' title="bbox 209 969 1229 1027; baseline -0.001 -10"><span class='ocrx_word' id='word_1_81' title='bbox 209 983 258 1017; x_wconf 88' lang='lat' dir='ltr'>ab</span> <span class='ocrx_word' id='word_1_82' title='bbox 285 982 428 1017; x_wconf 87' lang='lat' dir='ltr'>Italicis</span> <span class='ocrx_word' id='word_1_83' title='bbox 455 981 670 1026; x_wconf 88' lang='lat' dir='ltr'>composita</span> <span class='ocrx_word' id='word_1_84' title='bbox 695 986 797 1027; x_wconf 88' lang='lat' dir='ltr'>sunt,</span> <span class='ocrx_word' id='word_1_85' title='bbox 826 969 978 1017; x_wconf 86' lang='lat' dir='ltr'>Graeca</span> <span class='ocrx_word' id='word_1_86' title='bbox 1004 993 1027 1017; x_wconf 89' lang='lat' dir='ltr'>a</span> <span class='ocrx_word' id='word_1_87' title='bbox 1057 982 1229 1017; x_wconf 86' lang='lat' dir='ltr'>Graecis.</span> 
     </span>
    </p>

    <p class='ocr_par' dir='ltr' id='par_1_4' title="bbox 210 1036 1500 1194">
     <span class='ocr_line' id='line_1_15' title="bbox 325 1036 1500 1085; baseline -0.001 -12"><span class='ocrx_word' id='word_1_88' title='bbox 325 1038 556 1082; x_wconf 87' lang='lat' dir='ltr'>Priusquam</span> <span class='ocrx_word' id='word_1_89' title='bbox 594 1036 684 1073; x_wconf 90' lang='lat' dir='ltr'>hoc</span> <span class='ocrx_word' id='word_1_90' title='bbox 710 1042 826 1081; x_wconf 91' lang='lat' dir='ltr'>caput</span> <span class='ocrx_word' id='word_1_91' title='bbox 865 1038 1105 1085; x_wconf 90' lang='lat' dir='ltr'>concludam,</span> <span class='ocrx_word' id='word_1_92' title='bbox 1145 1038 1193 1073; x_wconf 92' lang='lat' dir='ltr'>de</span> <span class='ocrx_word' id='word_1_93' title='bbox 1232 1038 1500 1082; x_wconf 88' lang='lat' dir='ltr'>discrepantiis</span> 
     </span>
     <span class='ocr_line' id='line_1_16' title="bbox 211 1094 1500 1140; baseline -0.001 -10"><span class='ocrx_word' id='word_1_94' title='bbox 211 1105 335 1140; x_wconf 86' lang='lat' dir='ltr'>pauca</span> <span class='ocrx_word' id='word_1_95' title='bbox 362 1095 548 1138; x_wconf 88' lang='lat' dir='ltr'>dicamus,</span> <span class='ocrx_word' id='word_1_96' title='bbox 577 1104 676 1139; x_wconf 90' lang='lat' dir='ltr'>quae</span> <span class='ocrx_word' id='word_1_97' title='bbox 704 1094 742 1129; x_wconf 92' lang='lat' dir='ltr'>in</span> <span class='ocrx_word' id='word_1_98' title='bbox 768 1094 1016 1139; x_wconf 88' lang='lat' dir='ltr'>trilinguibus</span> <span class='ocrx_word' id='word_1_99' title='bbox 1035 1094 1155 1130; x_wconf 90' lang='lat' dir='ltr'>titulis</span> <span class='ocrx_word' id='word_1_100' title='bbox 1173 1100 1373 1139; x_wconf 87' lang='lat' dir='ltr'>apparent.</span> <span class='ocrx_word' id='word_1_101' title='bbox 1400 1095 1500 1138; x_wconf 87' lang='lat' dir='ltr'>Quo-</span> 
     </span>
     <span class='ocr_line' id='line_1_17' title="bbox 210 1152 1307 1194; baseline -0.001 -9"><span class='ocrx_word' id='word_1_102' title='bbox 210 1161 295 1185; x_wconf 90' lang='lat' dir='ltr'>rum</span> <span class='ocrx_word' id='word_1_103' title='bbox 321 1156 659 1185; x_wconf 87' lang='lat' dir='ltr'>monumentorum</span> <span class='ocrx_word' id='word_1_104' title='bbox 686 1152 865 1194; x_wconf 84' lang='lat' dir='ltr'>exempla</span> <span class='ocrx_word' id='word_1_105' title='bbox 891 1156 1047 1194; x_wconf 83' lang='lat' dir='ltr'>praesto</span> <span class='ocrx_word' id='word_1_106' title='bbox 1074 1156 1164 1185; x_wconf 92' lang='lat' dir='ltr'>sunt</span> <span class='ocrx_word' id='word_1_107' title='bbox 1190 1152 1307 1185; x_wconf 89' lang='lat' dir='ltr'>haec:</span> 
     </span>
    </p>
   </div>
   <div class='ocr_carea' id='block_1_4' title="bbox 279 1239 1501 1955">
    <p class='ocr_par' dir='ltr' id='par_1_5' title="bbox 330 1239 1501 1340">
     <span class='ocr_line' id='line_1_18' title="bbox 330 1239 1501 1283; baseline -0.001 -9"><span class='ocrx_word' id='word_1_108' title='bbox 330 1240 360 1276; x_wconf 90' lang='lat'>1.</span> <span class='ocrx_word' id='word_1_109' title='bbox 387 1240 550 1273; x_wconf 89' lang='lat' dir='ltr'>Latinus</span> <span class='ocrx_word' id='word_1_110' title='bbox 577 1239 752 1275; x_wconf 88' lang='lat' dir='ltr'>Graecus</span> <span class='ocrx_word' id='word_1_111' title='bbox 780 1239 951 1273; x_wconf 88' lang='lat' dir='ltr'>Celticus</span> <span class='ocrx_word' id='word_1_112' title='bbox 977 1239 1070 1275; x_wconf 89' lang='lat' dir='ltr'>CIL.</span> <span class='ocrx_word' id='word_1_113' title='bbox 1086 1239 1175 1274; x_wconf 92' lang='lat' dir='ltr'>XIII</span> <span class='ocrx_word' id='word_1_114' title='bbox 1206 1239 1309 1275; x_wconf 87' lang='lat'>1326.</span> <span class='ocrx_word' id='word_1_115' title='bbox 1337 1239 1376 1273; x_wconf 92' lang='lat' dir='ltr'>in</span> <span class='ocrx_word' id='word_1_116' title='bbox 1402 1249 1501 1283; x_wconf 86' lang='lat' dir='ltr'>agro</span> 
     </span>
     <span class='ocr_line' id='line_1_19' title="bbox 387 1296 616 1340; baseline 0.009 -10"><span class='ocrx_word' id='word_1_117' title='bbox 387 1296 616 1340; x_wconf 87' lang='lat' dir='ltr'>Biturigum.</span> 
     </span>
    </p>

    <p class='ocr_par' dir='ltr' id='par_1_6' title="bbox 326 1352 1499 1446">
     <span class='ocr_line' id='line_1_20' title="bbox 326 1352 1499 1396; baseline 0 -10"><span class='ocrx_word' id='word_1_118' title='bbox 326 1352 360 1389; x_wconf 91' lang='lat'>2.</span> <span class='ocrx_word' id='word_1_119' title='bbox 388 1352 549 1386; x_wconf 87' lang='lat' dir='ltr'>Latinus</span> <span class='ocrx_word' id='word_1_120' title='bbox 577 1352 753 1387; x_wconf 87' lang='lat' dir='ltr'>Graecus</span> <span class='ocrx_word' id='word_1_121' title='bbox 771 1352 940 1387; x_wconf 90' lang='lat' dir='ltr'>Punicus</span> <span class='ocrx_word' id='word_1_122' title='bbox 959 1352 1051 1388; x_wconf 89' lang='lat' dir='ltr'>CIL.</span> <span class='ocrx_word' id='word_1_123' title='bbox 1067 1352 1104 1386; x_wconf 93' lang='lat' dir='ltr'><strong>X</strong></span> <span class='ocrx_word' id='word_1_124' title='bbox 1119 1353 1225 1388; x_wconf 83' lang='lat'>7856.</span> <span class='ocrx_word' id='word_1_125' title='bbox 1253 1362 1373 1396; x_wconf 89' lang='lat' dir='ltr'>prope</span> <span class='ocrx_word' id='word_1_126' title='bbox 1392 1352 1499 1386; x_wconf 87' lang='lat' dir='ltr'>Pauli</span> 
     </span>
     <span class='ocr_line' id='line_1_21' title="bbox 385 1409 763 1446; baseline 0.005 -2"><span class='ocrx_word' id='word_1_127' title='bbox 385 1409 523 1445; x_wconf 91' lang='lat' dir='ltr'>Gerrei</span> <span class='ocrx_word' id='word_1_128' title='bbox 550 1409 763 1446; x_wconf 85' lang='lat' dir='ltr'>Sardiniae.</span> 
     </span>
    </p>

    <p class='ocr_par' dir='ltr' id='par_1_7' title="bbox 326 1456 1498 1560">
     <span class='ocr_line' id='line_1_22' title="bbox 326 1456 1498 1511; baseline -0.001 -10"><span class='ocrx_word' id='word_1_129' title='bbox 326 1468 360 1503; x_wconf 86' lang='lat'>3.</span> <span class='ocrx_word' id='word_1_130' title='bbox 387 1467 550 1501; x_wconf 89' lang='lat' dir='ltr'>Latinus</span> <span class='ocrx_word' id='word_1_131' title='bbox 577 1456 753 1502; x_wconf 86' lang='lat' dir='ltr'>Graecus</span> <span class='ocrx_word' id='word_1_132' title='bbox 771 1466 940 1501; x_wconf 90' lang='lat' dir='ltr'>Punicus</span> <span class='ocrx_word' id='word_1_133' title='bbox 959 1466 1110 1511; x_wconf 90' lang='lat' dir='ltr'>Compt.</span> <span class='ocrx_word' id='word_1_134' title='bbox 1138 1466 1244 1501; x_wconf 88' lang='lat' dir='ltr'>rend.</span> <span class='ocrx_word' id='word_1_135' title='bbox 1269 1466 1371 1502; x_wconf 88' lang='lat'>1899.</span> <span class='ocrx_word' id='word_1_136' title='bbox 1399 1467 1498 1500; x_wconf 68' lang='lat' dir='ltr'>H‘en-</span> 
     </span>
     <span class='ocr_line' id='line_1_23' title="bbox 385 1522 674 1560; baseline 0.007 -3"><span class='ocrx_word' id='word_1_137' title='bbox 385 1523 469 1558; x_wconf 91' lang='lat' dir='ltr'>chir</span> <span class='ocrx_word' id='word_1_138' title='bbox 496 1522 674 1560; x_wconf 92' lang='lat' dir='ltr'>Alaouin.</span> 
     </span>
    </p>

    <p class='ocr_par' dir='ltr' id='par_1_8' title="bbox 326 1579 1498 1623">
     <span class='ocr_line' id='line_1_24' title="bbox 326 1579 1498 1623; baseline 0.001 -9"><span class='ocrx_word' id='word_1_139' title='bbox 326 1581 361 1617; x_wconf 90' lang='grc'>4.</span> <span class='ocrx_word' id='word_1_140' title='bbox 376 1582 410 1616; x_wconf 90' lang='grc'>5.</span> <span class='ocrx_word' id='word_1_141' title='bbox 425 1580 588 1614; x_wconf 88' lang='lat' dir='ltr'>Latinus</span> <span class='ocrx_word' id='word_1_142' title='bbox 600 1580 776 1614; x_wconf 90' lang='lat' dir='ltr'>Graecus</span> <span class='ocrx_word' id='word_1_143' title='bbox 787 1580 956 1615; x_wconf 90' lang='lat' dir='ltr'>Punicus</span> <span class='ocrx_word' id='word_1_144' title='bbox 976 1580 1067 1616; x_wconf 91' lang='lat' dir='ltr'>CIL.</span> <span class='ocrx_word' id='word_1_145' title='bbox 1078 1579 1169 1614; x_wconf 89' lang='lat' dir='ltr'>VIII</span> <span class='ocrx_word' id='word_1_146' title='bbox 1185 1580 1227 1614; x_wconf 90' lang='lat'>15</span> <span class='ocrx_word' id='word_1_147' title='bbox 1246 1584 1284 1614; x_wconf 87' lang='lat' dir='ltr'>et</span> <span class='ocrx_word' id='word_1_148' title='bbox 1306 1581 1361 1617; x_wconf 91' lang='lat'>16.</span> <span class='ocrx_word' id='word_1_149' title='bbox 1376 1579 1498 1623; x_wconf 93' lang='lat' dir='ltr'>Lepti.</span> 
     </span>
    </p>

    <p class='ocr_par' dir='ltr' id='par_1_9' title="bbox 279 1636 1498 1680">
     <span class='ocr_line' id='line_1_25' title="bbox 279 1636 1498 1680; baseline 0.001 -10"><span class='ocrx_word' id='word_1_150' title='bbox 279 1639 282 1640; x_wconf 72' lang='grc'>’</span> <span class='ocrx_word' id='word_1_151' title='bbox 328 1637 361 1672; x_wconf 93' lang='grc'>6.</span> <span class='ocrx_word' id='word_1_152' title='bbox 389 1636 552 1670; x_wconf 90' lang='lat' dir='ltr'>Latinus</span> <span class='ocrx_word' id='word_1_153' title='bbox 579 1636 755 1671; x_wconf 88' lang='lat' dir='ltr'>Graecus</span> <span class='ocrx_word' id='word_1_154' title='bbox 781 1636 1037 1680; x_wconf 82' lang='lat' dir='ltr'>Palmyrenus</span> <span class='ocrx_word' id='word_1_155' title='bbox 1056 1636 1151 1672; x_wconf 90' lang='lat' dir='ltr'>Mitt.</span> <span class='ocrx_word' id='word_1_156' title='bbox 1180 1637 1215 1672; x_wconf 91' lang='lat' dir='ltr'>d.</span> <span class='ocrx_word' id='word_1_157' title='bbox 1242 1636 1498 1671; x_wconf 84' lang='lat' dir='ltr'>vorderasiat.</span> 
     </span>
    </p>

    <p class='ocr_par' dir='ltr' id='par_1_10' title="bbox 387 1693 617 1729">
     <span class='ocr_line' id='line_1_26' title="bbox 387 1693 617 1729; baseline 0.004 -1"><span class='ocrx_word' id='word_1_158' title='bbox 387 1693 479 1729; x_wconf 87' lang='lat' dir='ltr'>Ges.</span> <span class='ocrx_word' id='word_1_159' title='bbox 511 1693 617 1729; x_wconf 89' lang='lat'>1905.</span> 
     </span>
    </p>

    <p class='ocr_par' dir='ltr' id='par_1_11' title="bbox 328 1748 1499 1850">
     <span class='ocr_line' id='line_1_27' title="bbox 328 1748 1499 1793; baseline 0.001 -10"><span class='ocrx_word' id='word_1_160' title='bbox 328 1750 362 1785; x_wconf 91' lang='lat'>7.</span> <span class='ocrx_word' id='word_1_161' title='bbox 389 1749 552 1783; x_wconf 90' lang='lat' dir='ltr'>Latinus</span> <span class='ocrx_word' id='word_1_162' title='bbox 580 1748 757 1785; x_wconf 85' lang='lat' dir='ltr'>Graecus</span> <span class='ocrx_word' id='word_1_163' title='bbox 783 1748 1112 1793; x_wconf 85' lang='lat' dir='ltr'>Hieroglyphicus</span> <span class='ocrx_word' id='word_1_164' title='bbox 1140 1748 1233 1784; x_wconf 92' lang='lat' dir='ltr'>CIL.</span> <span class='ocrx_word' id='word_1_165' title='bbox 1260 1748 1311 1783; x_wconf 94' lang='lat' dir='ltr'>III</span> <span class='ocrx_word' id='word_1_166' title='bbox 1342 1749 1499 1784; x_wconf 69' lang='lat'>141652.</span> 
     </span>
     <span class='ocr_line' id='line_1_28' title="bbox 386 1805 490 1850; baseline 0.01 -10"><span class='ocrx_word' id='word_1_167' title='bbox 386 1805 490 1850; x_wconf 85' lang='lat' dir='ltr'>Tyri.</span> 
     </span>
    </p>

    <p class='ocr_par' dir='ltr' id='par_1_12' title="bbox 328 1861 1500 1955">
     <span class='ocr_line' id='line_1_29' title="bbox 328 1861 1500 1907; baseline -0.001 -11"><span class='ocrx_word' id='word_1_168' title='bbox 328 1863 363 1899; x_wconf 88' lang='lat'>8.</span> <span class='ocrx_word' id='word_1_169' title='bbox 390 1862 716 1906; x_wconf 81' lang='lat' dir='ltr'>Hieroglyphicus</span> <span class='ocrx_word' id='word_1_170' title='bbox 755 1862 917 1902; x_wconf 85' lang='lat' dir='ltr'>Latinus</span> <span class='ocrx_word' id='word_1_171' title='bbox 957 1861 1133 1896; x_wconf 88' lang='lat' dir='ltr'>Graecus</span> <span class='ocrx_word' id='word_1_172' title='bbox 1173 1862 1356 1907; x_wconf 89' lang='lat' dir='ltr'>(Cornelii</span> <span class='ocrx_word' id='word_1_173' title='bbox 1383 1862 1500 1906; x_wconf 90' lang='lat' dir='ltr'>Galli)</span> 
     </span>
     <span class='ocr_line' id='line_1_30' title="bbox 388 1915 903 1955; baseline 0.006 -4"><span class='ocrx_word' id='word_1_174' title='bbox 388 1917 480 1952; x_wconf 92' lang='lat' dir='ltr'>CIL.</span> <span class='ocrx_word' id='word_1_175' title='bbox 508 1917 560 1952; x_wconf 94' lang='lat' dir='ltr'>III</span> <span class='ocrx_word' id='word_1_176' title='bbox 590 1918 743 1955; x_wconf 74' lang='grc'>141475.</span> <span class='ocrx_word' id='word_1_177' title='bbox 771 1915 903 1954; x_wconf 89' lang='lat' dir='ltr'>Philis.</span> 
     </span>
    </p>
   </div>
   <div class='ocr_carea' id='block_1_5' title="bbox 209 2013 1501 2282">
    <p class='ocr_par' dir='ltr' id='par_1_13' title="bbox 209 2013 1501 2282">
     <span class='ocr_line' id='line_1_31' title="bbox 210 2013 1499 2058; baseline -0.001 -9"><span class='ocrx_word' id='word_1_178' title='bbox 210 2015 360 2058; x_wconf 88' lang='lat' dir='ltr'>Quibus</span> <span class='ocrx_word' id='word_1_179' title='bbox 401 2014 440 2047; x_wconf 90' lang='lat' dir='ltr'>in</span> <span class='ocrx_word' id='word_1_180' title='bbox 483 2014 603 2048; x_wconf 91' lang='lat' dir='ltr'>titulis</span> <span class='ocrx_word' id='word_1_181' title='bbox 646 2014 836 2048; x_wconf 88' lang='lat' dir='ltr'>rationem</span> <span class='ocrx_word' id='word_1_182' title='bbox 874 2023 952 2048; x_wconf 91' lang='lat' dir='ltr'>non</span> <span class='ocrx_word' id='word_1_183' title='bbox 978 2014 1102 2048; x_wconf 88' lang='lat' dir='ltr'>habeo</span> <span class='ocrx_word' id='word_1_184' title='bbox 1128 2013 1354 2058; x_wconf 89' lang='lat' dir='ltr'>paenultimi</span> <span class='ocrx_word' id='word_1_185' title='bbox 1390 2024 1499 2058; x_wconf 87' lang='lat' dir='ltr'>prop-</span> 
     </span>
     <span class='ocr_line' id='line_1_32' title="bbox 209 2069 1500 2114; baseline 0 -10"><span class='ocrx_word' id='word_1_186' title='bbox 209 2076 329 2113; x_wconf 82' lang='lat' dir='ltr'>terea,</span> <span class='ocrx_word' id='word_1_187' title='bbox 374 2069 478 2114; x_wconf 94' lang='lat' dir='ltr'>quod</span> <span class='ocrx_word' id='word_1_188' title='bbox 520 2069 766 2113; x_wconf 86' lang='lat' dir='ltr'>Aegyptiaca</span> <span class='ocrx_word' id='word_1_189' title='bbox 810 2079 937 2113; x_wconf 91' lang='lat' dir='ltr'>neque</span> <span class='ocrx_word' id='word_1_190' title='bbox 987 2070 1161 2104; x_wconf 91' lang='lat' dir='ltr'>eiusdem</span> <span class='ocrx_word' id='word_1_191' title='bbox 1199 2069 1365 2104; x_wconf 88' lang='lat' dir='ltr'>hominis</span> <span class='ocrx_word' id='word_1_192' title='bbox 1411 2070 1500 2104; x_wconf 83' lang='lat' dir='ltr'>sunt</span> 
     </span>
     <span class='ocr_line' id='line_1_33' title="bbox 210 2125 1501 2170; baseline -0.001 -9"><span class='ocrx_word' id='word_1_193' title='bbox 210 2136 337 2170; x_wconf 92' lang='lat' dir='ltr'>neque</span> <span class='ocrx_word' id='word_1_194' title='bbox 352 2126 526 2160; x_wconf 92' lang='lat' dir='ltr'>eiusdem</span> <span class='ocrx_word' id='word_1_195' title='bbox 541 2126 680 2160; x_wconf 83' lang='lat' dir='ltr'>aetatis</span> <span class='ocrx_word' id='word_1_196' title='bbox 699 2132 814 2169; x_wconf 85' lang='lat' dir='ltr'>atque</span> <span class='ocrx_word' id='word_1_197' title='bbox 828 2125 967 2161; x_wconf 87' lang='lat' dir='ltr'>Latina</span> <span class='ocrx_word' id='word_1_198' title='bbox 982 2127 1135 2161; x_wconf 89' lang='lat' dir='ltr'>Graeca</span> <span class='ocrx_word' id='word_1_199' title='bbox 1147 2126 1332 2160; x_wconf 90' lang='lat' dir='ltr'>Ermanni</span> <span class='ocrx_word' id='word_1_200' title='bbox 1346 2126 1501 2170; x_wconf 91' lang='lat' dir='ltr'>quidem</span> 
     </span>
     <span class='ocr_line' id='line_1_34' title="bbox 211 2181 1500 2226; baseline -0.001 -9"><span class='ocrx_word' id='word_1_201' title='bbox 211 2182 369 2217; x_wconf 89' lang='lat' dir='ltr'>editoris</span> <span class='ocrx_word' id='word_1_202' title='bbox 397 2181 635 2224; x_wconf 84' lang='lat' dir='ltr'>sententia¹)‚</span> <span class='ocrx_word' id='word_1_203' title='bbox 663 2187 902 2225; x_wconf 89' lang='lat' dir='ltr'>postremum</span> <span class='ocrx_word' id='word_1_204' title='bbox 933 2188 1063 2217; x_wconf 91' lang='lat' dir='ltr'>autem</span> <span class='ocrx_word' id='word_1_205' title='bbox 1081 2182 1156 2217; x_wconf 90' lang='lat' dir='ltr'>alio</span> <span class='ocrx_word' id='word_1_206' title='bbox 1187 2182 1273 2216; x_wconf 88' lang='lat' dir='ltr'>loco</span> <span class='ocrx_word' id='word_1_207' title='bbox 1304 2186 1403 2226; x_wconf 87' lang='lat' dir='ltr'>(cap.</span> <span class='ocrx_word' id='word_1_208' title='bbox 1430 2181 1500 2226; x_wconf 89' lang='lat' dir='ltr'>IV)</span> 
     </span>
     <span class='ocr_line' id='line_1_35' title="bbox 211 2237 1500 2282; baseline -0.001 -9"><span class='ocrx_word' id='word_1_209' title='bbox 211 2238 452 2274; x_wconf 78' lang='lat' dir='ltr'>examinabo,</span> <span class='ocrx_word' id='word_1_210' title='bbox 517 2237 767 2282; x_wconf 85' lang='lat' dir='ltr'>Reliquorum</span> <span class='ocrx_word' id='word_1_211' title='bbox 812 2238 845 2272; x_wconf 89' lang='lat' dir='ltr'>si</span> <span class='ocrx_word' id='word_1_212' title='bbox 890 2238 990 2273; x_wconf 89' lang='lat' dir='ltr'>inter</span> <span class='ocrx_word' id='word_1_213' title='bbox 1029 2248 1071 2273; x_wconf 90' lang='lat' dir='ltr'>se</span> <span class='ocrx_word' id='word_1_214' title='bbox 1110 2248 1381 2282; x_wconf 90' lang='lat' dir='ltr'>comparamus</span> <span class='ocrx_word' id='word_1_215' title='bbox 1419 2243 1500 2272; x_wconf 90' lang='lat' dir='ltr'>tres</span> 
     </span>
    </p>
   </div>
   <div class='ocr_carea' id='block_1_6' title="bbox 209 2326 445 2332">
    <p class='ocr_par' dir='ltr' id='par_1_14' title="bbox 209 2326 445 2332">
     <span class='ocr_line' id='line_1_36' title="bbox 209 2326 445 2332; baseline 0 0"><span class='ocrx_word' id='word_1_216' title='bbox 209 2326 445 2332; x_wconf 95' lang='lat' dir='ltr'> </span> 
     </span>
    </p>
   </div>
   <div class='ocr_carea' id='block_1_7' title="bbox 334 2376 1222 2414">
    <p class='ocr_par' dir='ltr' id='par_1_15' title="bbox 334 2376 1222 2414">
     <span class='ocr_line' id='line_1_37' title="bbox 334 2376 1222 2414; baseline 0 -10"><span class='ocrx_word' id='word_1_217' title='bbox 334 2378 360 2414; x_wconf 80' lang='grc' dir='ltr'>ι)</span> <span class='ocrx_word' id='word_1_218' title='bbox 382 2377 518 2406; x_wconf 80' lang='lat' dir='ltr'>Zeitschr.</span> <span class='ocrx_word' id='word_1_219' title='bbox 540 2377 559 2405; x_wconf 77' lang='lat' dir='ltr'>f.</span> <span class='ocrx_word' id='word_1_220' title='bbox 581 2379 677 2413; x_wconf 69' lang='lat' dir='ltr'>iigypt.</span> <span class='ocrx_word' id='word_1_221' title='bbox 699 2376 827 2413; x_wconf 83' lang='lat' dir='ltr'>Sprache</span> <span class='ocrx_word' id='word_1_222' title='bbox 848 2377 964 2404; x_wconf 89' lang='lat' dir='ltr'>XXXI</span> <span class='ocrx_word' id='word_1_223' title='bbox 984 2376 1085 2414; x_wconf 84' lang='lat'><strong>(¹893)</strong></span> <span class='ocrx_word' id='word_1_224' title='bbox 1107 2386 1135 2413; x_wconf 89' lang='lat' dir='ltr'>p.</span> <span class='ocrx_word' id='word_1_225' title='bbox 1162 2384 1222 2405; x_wconf 86' lang='lat'>102.</span> 
     </span>
    </p>
   </div>
  </div>
 </body>
</html>
