1655 2789
737 186 928 217 -28-

314 284 402 318 Voto
427 287 613 328 suscepto.
667 285 758 319 CIL.
778 285 810 319 X
829 284 936 320 5385.
969 284 1004 318 in
1034 283 1175 328 oppido
1201 284 1322 318 Ponte
1351 283 1478 318 Corvo

185 340 330 375 Italiae.
358 341 384 377 Ι.
402 341 463 375 vel
495 341 537 375 II.
554 350 657 377 saec,
672 351 707 385 p.
728 340 818 377 Chr.
858 351 876 375 e
901 342 1016 386 v(oto)
1035 342 1253 385 s(uscepto).
1281 340 1373 377 CIL.
1392 338 1479 376 XIV

186 398 294 433 3533.
322 397 477 432 Tibure.
504 402 621 440 temp.
648 398 722 433 inc.

304 453 363 488 Ex
396 458 609 497 conspectu
641 459 773 489 nostro
813 460 975 500 apparet
1014 453 1298 498 inscriptiones,
1339 453 1479 498 quibus

186 515 365 545 votorum
386 510 573 545 formulae
592 510 736 558 insunt,
763 512 990 556 plerumque
1009 521 1097 545 esse
1124 510 1212 545 aevi
1243 510 1479 554 imperatorii

187 571 302 611 atque
330 566 518 610 imprimis
544 567 588 603 ΙΙ.
607 568 671 601 vel
696 568 757 604 III.
777 577 879 603 saec.
907 578 943 611 p.
963 567 1053 603 Chr.
1105 566 1234 601 Unum
1260 567 1479 610 exemplum

185 623 332 658 liberae
351 623 407 657 rei
425 623 529 667 publ.
549 623 688 658 aetatis
707 628 766 658 est
780 623 880 661 IGR.
899 624 998 659 1467
1017 626 1150 658 votum
1168 622 1284 658 dedz'd
1302 623 1478 658 meretod.

186 680 409 714 Formulam
423 682 556 714 votum
571 679 689 715 solvit
704 681 821 715 aetati
839 680 1114 725 imperatorum
1128 679 1373 714 tribuendam
1392 689 1479 714 esse

187 746 237 769 ex
263 735 394 769 multis
421 736 564 769 nostris
592 736 780 779 exemplis
807 736 845 769 in
885 736 1109 770 universum
1136 740 1263 782 potest
1290 735 1478 770 concludi.

306 790 356 825 Ut
385 801 434 825 ex
461 791 578 825 rebus
605 791 733 825 allatis
751 792 789 825 in
816 792 1041 826 universum
1068 791 1211 835 aliquid
1231 791 1278 825 de
1305 790 1480 825 formulis

187 847 336 881 Latinis
363 847 550 888 dicamus,
588 852 749 890 apparet
776 846 976 889 formulas,
1012 857 1111 890 quae
1138 848 1215 881 iam
1252 847 1397 880 liberae
1424 846 1480 880 rei

187 904 292 947 publ.
319 908 447 937 aetate
466 907 577 937 erant
604 903 641 937 in
661 913 745 946 usu,
774 903 869 938 satis
889 913 1098 941 rarescere.
1139 903 1332 938 Plurimae
1351 907 1480 938 autem

188 961 290 994 bono
309 969 408 993 aevo
426 959 674 1002 imperatorio
693 960 935 1002 potissimum
961 964 1042 994 arte
1062 959 1313 1004 epigraphica
1328 960 1481 994 Graeca

188 1016 352 1060 primurn
382 1015 541 1050 veniunt
574 1016 612 1050 in
644 1026 756 1052 usum
791 1022 830 1051 et
869 1017 1102 1061 procedente
1141 1021 1314 1061 tempore
1355 1017 1480 1061 magis

187 1073 392 1117 magisque
429 1073 720 1107 inveterascunt
759 1073 922 1118 aliisque
961 1073 1247 1117 amplificantur
1285 1084 1331 1108 ac
1366 1073 1479 1117 repri-

188 1135 344 1164 muntur
370 1139 418 1163 ex
446 1138 529 1164 usu.

561 1238 591 1263 2.
633 1231 692 1263 De
719 1230 902 1264 formulis
929 1231 1103 1265 Graecis.

307 1298 469 1342 Egimus
497 1298 544 1331 de
571 1297 747 1332 formulis
774 1303 812 1332 et
839 1299 1183 1333 acclamationibus
1202 1298 1361 1334 Latinis,
1402 1298 1481 1332 Iam

190 1355 403 1396 videamus,
431 1354 521 1397 quid
549 1354 668 1388 statui
694 1354 817 1398 possit
844 1355 891 1388 de
915 1354 1076 1389 Graecis
1105 1355 1244 1389 aetatis
1271 1354 1480 1391 Romanae.

189 1411 263 1453 Qui
291 1410 337 1443 de
364 1410 425 1444 his
452 1411 653 1454 hucusque
688 1411 937 1454 scripserunt,
978 1411 1177 1454 generalia
1211 1416 1360 1445 tantum
1397 1420 1481 1454 pro-

188 1476 334 1510 ponere
373 1472 592 1509 potuerunt,
634 1468 724 1509 quia
762 1467 944 1501 materies
984 1467 1164 1501 nondum-
1192 1472 1329 1510 parata
1366 1472 1481 1510 atque

189 1523 343 1566 digesta
370 1528 441 1558 est.
494 1522 551 1557 Cf.
579 1522 785 1566 praecipue
814 1523 857 1558 E.
881 1523 999 1565 Loch,
1028 1523 1083 1556 Zu
1111 1523 1184 1556 den
1213 1523 1481 1567 griechischen

189 1578 499 1621 Grabschristen,
519 1578 751 1614 Festschrift
769 1579 829 1614 fiir
850 1579 889 1616 L.
906 1579 1193 1622 Friedlaender,
1213 1579 1367 1623 Lipsiae
1390 1579 1482 1614 1895

189 1645 225 1679 p.
245 1635 317 1670 275
330 1645 425 1679 sqq„
458 1636 496 1669 in
524 1645 600 1678 qua
627 1636 948 1670 commentatione
976 1636 1035 1670 vir
1063 1636 1199 1671 doctus
1226 1641 1381 1680 praeter
1407 1636 1483 1670 alia

189 1691 377 1725 formulas
404 1692 655 1737 sepulcrales,
682 1692 873 1736 quomodo
901 1702 949 1726 ex
969 1692 1080 1727 tertio
1100 1692 1256 1727 saeculo
1275 1702 1345 1736 per
1362 1697 1483 1727 totam

190 1754 336 1782 terram
364 1747 558 1782 Graecam
585 1754 859 1792 propagentur,
888 1754 1112 1793 pertractat.

458 1854 752 1898 Sepulcralia
791 1864 888 1889 cum
928 1854 1218 1890 honorariis.

310 1920 431 1963 Χαῖρε.
485 1918 577 1955 C-IL.
598 1917 648 1951 ΙΙΙ
671 1917 797 1954 12290.
839 1917 931 1953 Orei
958 1918 1151 1954 Euboeae.
1191 1918 1254 1953 lib.
1288 1918 1343 1952 rei
1379 1918 1482 1961 publ,

190 1980 307 2018 temp.
361 1974 452 2012 CIL.
473 1975 539 2008 XII
570 1974 672 2008 1038.
715 1973 945 2009 Avennione
986 1974 1148 2010 Galliae.
1188 1974 1251 2010 lib.
1285 1974 1341 2008 rei
1378 1974 1482 2018 publ.

190 2035 306 2074 temp.
360 2030 460 2066 IGR.
480 2031 494 2064 1
518 2030 621 2065 1105.
650 2030 831 2065 Naucrati
853 2030 1036 2075 Aegypti,
1063 2030 1126 2066 lib.
1154 2031 1210 2065 rei
1236 2031 1339 2074 publ.
1366 2035 1483 2074 temp.

192 2093 366 2121 extremo
387 2087 450 2121 vel
470 2087 638 2130 Augusti
661 2092 799 2123 aetate.
841 2087 931 2122 CIL.
952 2088 1001 2121 III
1020 2087 1127 2123 7161.
1156 2086 1362 2131 Mytilenis.
1383 2087 1483 2121 bono

192 2153 301 2180 aevo,
330 2143 420 2178 CIL.
435 2144 484 2178 III
501 2143 649 2178 141847.
679 2143 922 2187 Sebastopoli
938 2143 1106 2188 (Bithyn.
1122 2149 1159 2178 et
1174 2144 1309 2188 Pont.).
1338 2145 1364 2181 I.
1380 2153 1482 2179 saec.

192 2210 228 2243 p.
244 2200 332 2234 Chr.
362 2200 461 2236 IGR.
475 2201 574 2235 1896
600 2203 676 2243 τοῖς
691 2201 892 2244 παράγουσι
907 2202 1049 2244 χαίρειν.
1069 2201 1107 2234 in
1123 2202 1307 2244 Bosporo.
1334 2200 1360 2236 I.
1381 2210 1482 2235 saec.

192 2266 227 2299 p.
244 2256 333 2291 Chr.
370 2256 459 2291 CIL.
482 2256 670 2290 11133617
699 2255 847 2303 (χρηστὴ
874 2259 988 2300 χαῖρε)
1040 2255 1196 2292 Romae.
1237 2256 1349 2290 bonis
1367 2262 1482 2299 temp.

193 2312 283 2347 CIL.
297 2313 450 2347 1116731
474 2314 623 2357 (χρηστὴ
638 2315 764 2357 χαῖρε).
793 2312 881 2348 Citii
896 2311 1025 2357 Cypri.
1046 2313 1149 2347 bona
1162 2317 1301 2347 aetate.
1330 2313 1421 2348 CIL.
1434 2313 1483 2347 III

193 2368 299 2404 7095.
329 2369 473 2403 Elaeae
489 2369 650 2404 Mvsiae.
678 2368 781 2404 I.vel
809 2370 970 2405 11.saec.
1003 2379 1037 2413 p.
1054 2369 1144 2405 Chr.
1173 2369 1263 2405 CIL.
1284 2369 1481 2405 11114183.
