1655 2789
716 220 908 250 -49-

173 323 381 365 queantur;
414 319 530 354 immo
556 328 651 353 vero
677 327 818 353 munus
844 327 933 353 esse
959 317 1200 361 ingeniosum
1226 323 1342 362 atque
1369 318 1457 352 sub-

172 373 249 416 tile,
289 374 390 418 quod
430 374 619 409 maximas
657 373 843 418 praebeat
875 371 1135 411 difficultates.
1187 372 1371 407 ‘Difficile
1399 377 1458 407 est

173 429 273 463 enim
300 430 446 465 alienas
471 430 600 475 lineas*
621 430 888 474 insequentem
913 438 988 463 non
1017 429 1156 463 alicubi
1175 429 1375 472 excedere,
1403 439 1458 463 ar-

173 485 301 529 duum,
340 491 382 519 ut
420 495 519 529 quae
558 486 597 519 in
623 485 699 519 alia
724 485 857 528 lingua
894 485 994 519 bene
1034 484 1136 518 dicta
1163 490 1265 528 sunt,
1294 485 1459 518 eundem

173 541 351 576 decorem
379 543 417 577 in
443 541 696 577 translatione
723 546 968 576 conservent.
1012 539 1281 585 Significatum
1308 546 1367 575 est
1393 541 1458 576 ali-

173 598 264 642 quid
290 592 403 634 unius
429 599 540 633 verbi
575 598 829 642 proprietate:
869 608 948 632 non
984 597 1109 632 habeo
1141 607 1279 641 meum,
1319 607 1394 642 quo
1421 598 1459 632 id

173 653 344 698 efferam,
373 660 411 689 et
437 655 527 689 dum
555 664 700 698 quaero
725 654 886 698 implere
913 653 1144 689 sententiam
1169 654 1286 697 longo
1313 653 1459 688 ambitu

175 712 394 754 verborum,
432 712 499 746 vix
535 711 668 746 brevis
694 711 782 745 viae
809 711 934 754 spatia
968 720 1206 746 consummo.
1257 709 1461 745 Accedunt

173 767 474 810 hyperbatorum
504 767 714 810 anfractus,
741 766 1072 802 dissimilitudines
1091 775 1264 812 casuum,
1290 766 1460 802 varietas

172 823 398 867 figurarum,
438 823 564 867 ipsum
590 827 787 867 postremo
801 832 926 859 -suum
962 827 1001 857 et
1026 827 1069 857 ut
1094 822 1148 857 ita
1175 821 1300 857 dicam
1326 831 1461 857 verna—

173 880 300 913 culum
327 880 484 923 linguae
511 888 645 923 genus.
690 879 731 914 Si
758 879 807 914 ad
832 881 996 925 verb-um
1023 879 1266 923 interpretor,
1294 878 1461 914 absurde

172 941 371 980 resonant;
416 936 448 977 si
484 936 533 971 ob
564 935 837 971 necessitatem
862 935 1007 981 aliquid
1043 935 1082 971 in
1119 934 1252 970 ordine
1292 935 1385 981 (vel)
1423 934 1462 969 in

173 1003 351 1027 sermone
389 998 603 1036 mutavero,
639 994 686 1027 ab
730 993 951 1037 interpretis
994 992 1156 1028 videbor
1181 991 1311 1027 officio
1337 1002 1461 1026 reces-

173 1049 330 1094 sisse.'¹)
382 1049 492 1092 Quod
536 1049 583 1083 de
627 1054 709 1083 arte
744 1048 1003 1084 transferendi
1044 1049 1150 1084 valet
1188 1048 1463 1092 Romanorum,

174 1105 348 1140 similiter
366 1106 404 1139 in
419 1105 592 1140 Graecos
611 1106 750 1140 cadere
768 1106 932 1142 videtur.
975 1106 1120 1140 Eorum
1138 1115 1292 1150 quoque
1306 1105 1462 1149 scripta,

173 1171 272 1204 quae
299 1172 320 1195 e
334 1161 471 1195 Latino
498 1162 687 1196 translata
712 1162 910 1204 habemus,
930 1162 1095 1199 ,easdem
1121 1162 1292 1196 rationes
1318 1160 1462 1195 liberas

174 1218 384 1251 observant
411 1226 509 1260 quas
524 1216 784 1252 Romanorum
797 1217 1070 1252 translationes
1081 1217 1272 1253 Graecae.
1312 1216 1462 1251 Audias

173 1274 289 1307 velim
305 1273 525 1316 Weberum,
541 1274 605 1317 qui
619 1273 756 1308 Latine
775 1273 939 1320 scriptis,
959 1284 1058 1318 quae
1073 1273 1214 1308 Graeci
1232 1274 1271 1308 in
1289 1273 1462 1317 linguam

174 1339 285 1363 suam
311 1330 599 1372 transtulerunt,
637 1329 866 1364 examinatis
892 1330 984 1364 dicit
1008 1330 1165 1374 haec²):
1197 1329 1323 1363 ‘Unde
1349 1329 1462 1363 facile

173 1385 409 1430 intellegitur
436 1390 589 1420 veteres
616 1385 789 1421 Graecos
816 1386 970 1421 omnino
996 1386 1034 1421 in
1054 1385 1317 1421 convertendo
1335 1394 1462 1430 neque

173 1442 378 1485 diligentes
404 1451 529 1485 neque
555 1442 717 1476 subtiles
743 1442 873 1485 fuisse,
900 1443 970 1476 sed
988 1451 1146 1477 sensum
1164 1443 1203 1476 in
1222 1442 1460 1484 universum,

173 1507 250 1531 non
289 1497 442 1540 singula
480 1498 600 1531 verba
639 1502 819 1538 accurate
858 1497 1086 1533 reddidisse.
1141 1498 1293 1532 Posteri
1331 1502 1460 1532 autem

175 1553 316 1588 Graeci
342 1553 583 1588 adminiculis
609 1553 799 1588 sermonis
825 1553 953 1588 Latini
971 1553 1144 1589 discendi
1163 1553 1287 1589 auctis
1304 1553 1460 1589 rectius-

173 1620 247 1654 que
274 1610 491 1644 constitutis
529 1620 575 1644 ea
614 1610 653 1644 in
678 1620 720 1644 re
746 1610 872 1653 magis
898 1615 1059 1645 exactos
1093 1616 1132 1645 et
1158 1610 1460 1654 circumspectos

173 1676 216 1702 se
243 1665 437 1709 exhibent,
465 1665 535 1701 sed
560 1676 609 1701 ne
635 1665 675 1701 hi
702 1665 856 1710 quidem
882 1675 932 1700 ex
958 1666 1177 1711 praeceptis
1195 1666 1356 1713 severis,
1383 1666 1460 1711 qui-

172 1724 246 1757 bus
263 1732 335 1756 nos
353 1722 392 1756 in
409 1722 679 1757 transferendo
697 1722 851 1766 ingenio
871 1723 1083 1766 scriptoris,
1102 1723 1311 1757 verborum
1329 1732 1458 1765 sensu,

174 1778 363 1813 sermonis
382 1778 510 1812 colore
529 1783 567 1812 et
582 1778 763 1822 rhythmo
781 1778 935 1821 utimur,
963 1778 1164 1813 diiudicari
1182 1788 1224 1813 se
1242 1778 1458 1823 patiuntur’.

173 1834 383 1879 Quaerenti
408 1839 549 1878 autem,
585 1844 685 1879 quae
712 1844 830 1869 causa
855 1834 915 1878 sit,
953 1844 1023 1869 cur
1058 1839 1213 1870 veteres
1244 1834 1318 1869 hoc
1344 1833 1459 1869 modo

173 1891 221 1924 de
264 1895 347 1924 arte
390 1890 648 1924 transferendi
692 1890 960 1938 cogitaverint,
1005 1890 1232 1934 Hieronymi
1268 1890 1459 1924 sententia

174 1956 291 1990 supra
317 1946 435 1980 allata
460 1950 608 1981 rectam
635 1946 737 1980 viam
764 1946 918 1982 indicat.
973 1946 1048 1995 „Es
1086 1946 1227 1981 beruht
1265 1946 1368 1980 wohl
1394 1945 1463 1980 auf

174 2002 242 2037 der
280 2007 380 2037 trotz
420 2002 515 2037 aller
541 2001 886 2037 Verwandtschaft
924 2002 1035 2037 recht
1060 2002 1337 2037 wesentlichen
1365 2001 1460 2036 Ver-

174 2060 437 2093 schiedenheit
463 2059 532 2093 der
549 2059 688 2093 beiden
703 2058 913 2103 Sprachen,
940 2059 1176 2094 namentlich
1193 2059 1232 2093 in
1251 2059 1320 2093 der
1334 2058 1459 2092 Wort-

174 2115 333 2159 bildung
372 2115 450 2149 und
490 2115 540 2149 im
580 2115 882 2159 syntaktischen
899 2114 1063 2160 Gefflge,
1103 2115 1251 2151 welche
1291 2124 1332 2150 es
1372 2114 1459 2149 dem

174 2172 354 2207 Lateiner
380 2172 602 2216 unmoglich
629 2172 793 2219 machte,
828 2172 888 2207 die
915 2172 1043 2212 vielen
1069 2172 1395 2217 Nuancierungen
1420 2171 1459 2206 in

173 2230 242 2263 der
268 2229 536 2273 griechischen
564 2228 735 2272 Sprache
762 2239 810 2263 zu
835 2238 963 2273 genau
990 2229 1336 2273 entsprechendem
1363 2228 1459 2263 Aus-

294 2325 305 2345 1
342 2318 467 2347 Hieron.
488 2318 508 2348 l.
532 2318 553 2347 1.

292 2320 322 2399 αἰ
343 2365 516 2392 Dissertatio
536 2366 572 2392 de
584 2365 684 2392 Latine
694 2365 819 2401 scriptis,
839 2373 913 2401 quae
924 2365 1025 2392 Graeci
1046 2369 1157 2393 veteres
1178 2365 1209 2392 in
1230 2365 1356 2399 linguam
1377 2373 1458 2391 suam

172 2411 387 2439 transtulerunt.
429 2411 548 2447 Scripsit
569 2411 601 2439 C.
623 2411 669 2439 Fr.
691 2411 814 2447 Weber,
834 2411 969 2438 Casseuis
994 2411 1066 2446 1852
1088 2420 1117 2448 p.
1139 2418 1185 2446 34.

1206 2456 1225 2485 4
