1655 2789
735 244 922 273 421..

185 350 273 376 sese
298 341 505 384 permiscet
530 345 570 374 et
595 340 840 376 assimilatur.
893 340 989 375 Sunt
1015 340 1132 384 igitur
1157 345 1290 375 nostra
1316 349 1472 384 praeno-

185 397 290 432 mina
310 397 490 432 indicium
508 407 586 432 non
604 397 729 431 solum
743 396 939 432 Romanos
957 397 1145 431 obnoxios
1163 397 1283 432 fuisse
1301 397 1472 432 moribus

186 458 225 488 et
250 454 338 489 usui
364 453 615 496 Graecorum,
641 453 712 487 sed
738 453 854 487 etiam
880 453 1056 488 Graecos
1082 453 1279 490 Romanis,

806 601 849 637 II.

224 664 297 703 De
329 641 538 703 formulis
570 668 616 702 et
648 662 1062 703 acclamationibus
1093 663 1444 714 inscriptionum

684 731 971 783 bilinguium.

573 818 599 842 1.
628 810 686 843 De
711 809 893 843 formulis
921 809 1083 855 Latinis.

305 874 578 918 Inscriptiones
622 880 778 910 nostrae
816 885 886 918 per
924 880 1045 909 totam
1084 874 1166 909 fere
1206 875 1473 918 antiquitatem

189 932 399 966 Romanam
413 930 667 976 reperiuntur,
682 931 770 965 inde
782 932 831 965 ab
844 941 945 965 anno
960 941 998 975 c.
1005 930 1076 965 200
1089 941 1122 966 a.
1135 931 1224 967 Chr.
1240 941 1276 967 n.
1291 940 1413 974 usque
1426 930 1474 965 ad

187 986 386 1022 Iustiniani
412 982 580 1021 aetatem
606 992 645 1021 et
665 996 735 1030 per
761 992 935 1030 tempora
955 987 1165 1030 dispositae
1192 987 1474 1031 quodammodo

186 1042 386 1078 historiam
412 1042 605 1076 illustrant
641 1042 850 1077 memoriae
883 1042 1158 1087 epigraphicae
1195 1048 1233 1077 et
1269 1043 1475 1077 universae

186 1098 269 1133 fere
295 1098 457 1133 Latinae
495 1103 533 1143 et
560 1098 734 1133 Graecae
771 1098 910 1133 aetatis
936 1097 1146 1134 Romanae.
1199 1099 1475 1143 Quaecumque

189 1155 236 1189 de
262 1155 336 1189 hac
363 1164 405 1188 re
432 1154 740 1197 observavimus,
777 1154 1001 1199 propediem
1037 1155 1077 1189 in
1112 1155 1399 1199 prolegomenis
1425 1154 1474 1189 ad

187 1211 457 1255 inscriptiones
484 1211 677 1256 bilingues
704 1221 954 1258 exponemus,
984 1212 1136 1247 interim
1150 1211 1372 1256 speciminis
1390 1213 1475 1246 loco

188 1267 438 1312 inquiramus,
465 1268 556 1313 quid
575 1269 693 1303 statui
711 1268 834 1312 possit
852 1268 899 1303 de
919 1278 992 1303 usu
1009 1268 1264 1303 formularum
1287 1274 1326 1303 et
1352 1269 1475 1303 accla-

188 1324 398 1358 mationum
429 1324 722 1368 inscriptionum
753 1329 984 1361 nostrarum.
1038 1325 1167 1369 Atque
1197 1325 1361 1369 primum
1398 1325 1475 1369 qui-

188 1380 275 1415 dem
312 1380 360 1414 de
396 1380 572 1415 formulis
599 1380 747 1416 Latinis
782 1381 970 1417 tractabo,
1022 1381 1082 1416 De
1109 1382 1249 1425 quibus
1274 1381 1476 1425 hucusque

188 1436 464 1480 quaesiverunt
502 1437 709 1482 praecipue
735 1437 793 1474 hi:
833 1437 874 1474 C.
902 1437 1059 1475 Caesar.
1094 1436 1398 1472 Observationes
1426 1437 1475 1472 ad

188 1497 355 1527 aetatem
394 1494 590 1528 titulorum
619 1493 842 1528 Latinorum
881 1493 1179 1528 christianorum
1216 1493 1475 1528 definiendam

188 1554 422 1594 spectantes,
449 1549 614 1586 Dissert.
641 1549 799 1584 Bonnae
831 1550 922 1585 1896
948 1559 982 1594 p.
1000 1549 1047 1584 20
1061 1560 1145 1594 sqq.
1198 1549 1242 1585 R.
1258 1549 1474 1594 Weynand.

190 1606 302 1640 Form
327 1606 406 1640 und
425 1605 662 1642 Dekoration
689 1606 757 1641 der
775 1610 869 1641 rom.
889 1606 1122 1642 Grabsteine
1149 1607 1217 1641 der
1234 1606 1474 1641 Rheinlande

188 1661 239 1695 im
278 1662 305 1697 Ι.
326 1662 600 1706 Jahrhundert,
641 1663 794 1697 Bonner
825 1663 1067 1707 Jahrbflcher
1110 1663 1201 1698 1902
1241 1672 1276 1706 p.
1308 1663 1375 1697 186
1389 1672 1474 1706 sqq.

189 1718 361 1761 Quorum
387 1718 450 1753 hic
476 1728 633 1762 operam
672 1718 776 1753 dedit
809 1718 1122 1762 inscriptionibus
1148 1723 1279 1753 certae
1304 1718 1475 1763 regionis

189 1775 470 1819 sepulcralibus
509 1780 548 1810 et
585 1785 698 1810 usum
738 1775 987 1810 formularum
1018 1774 1090 1809 Dis
1115 1774 1299 1809 Manibus
1337 1781 1376 1809 et
1414 1775 1476 1809 hic

188 1830 292 1865 situs
317 1835 372 1866 est
399 1832 619 1867 accuratius
655 1831 841 1875 definivit,
883 1831 1029 1866 Caesar
1064 1836 1194 1881 autem
1231 1840 1366 1865 omnes
1402 1830 1474 1865 for-

190 1887 313 1922 mulas
341 1888 391 1922 ad
424 1887 695 1933 inscriptiones
734 1888 965 1923 christianas
1000 1887 1248 1932 pertinentes,
1288 1891 1475 1932 quantum

189 1948 271 1978 tum
295 1943 381 1978 fieri
398 1945 533 1988 potuit,
560 1945 776 1988 composuit
802 1950 840 1979 et
865 1944 1093 1988 perquisivit
1119 1949 1158 1978 et
1183 1944 1256 1977 hoc
1282 1944 1397 1978 modo
1423 1944 1476 1977 la-

190 2008 330 2034 cunam
368 2005 524 2035 nostrae
558 2001 733 2036 materiei
775 2006 864 2045 apte
898 2000 1038 2045 explet,
1078 2009 1167 2034 cum
1204 1999 1476 2044 inscriptiones

190 2055 382 2100 bilingues
419 2057 651 2092 christianae
688 2057 827 2093 aetatis
864 2067 939 2092 non
973 2056 1048 2092 nisi
1073 2066 1221 2101 paucas
1248 2057 1475 2093 habeamus.

455 2164 751 2208 Sepulcralia
788 2174 889 2200 cum
929 2164 1210 2201 honorariis

486 2231 564 2265 Ave
590 2231 712 2275 (have,
738 2231 857 2275 habe).
910 2231 1029 2265 salve.
1080 2230 1179 2264 vale.

309 2295 387 2328 Ave
397 2294 432 2342 ¹).
470 2293 569 2328 IGR.
590 2294 605 2328 1
628 2294 732 2329 1105.
759 2295 821 2330 lib.
850 2293 904 2328 rei
931 2294 1034 2338 publ.
1062 2299 1177 2337 temp.
1207 2294 1269 2327 vel
1293 2293 1475 2337 Augusti.

191 2349 376 2385 Naucrati
390 2350 573 2394 Aegypti.
611 2350 775 2395 Saepius
793 2350 988 2386 invenitur
1007 2351 1123 2385 have:
1151 2349 1244 2386 CIL.
1257 2349 1309 2385 III
1328 2349 1444 2385 14184
1453 2354 1476 2385 ⁷.

314 2433 340 2468 1)
360 2434 394 2461 cf.
417 2433 543 2460 thesaur.
565 2433 635 2467 ling.
657 2434 720 2461 Lat.
741 2442 763 2461 ε.
785 2442 811 2461 v.
