1655 2789
763 190 955 220 —20-

213 286 405 321 disserere
431 287 584 331 poterit,
611 287 677 330 qui
695 297 771 321 non
798 288 924 321 solum
951 288 1082 321 titulos
1101 287 1305 331 bilingues,
1332 288 1402 322 sed
1429 297 1505 322 om-

211 342 303 377 nino
341 342 614 386 inscriptiones
641 342 815 378 Graecas
855 343 904 378 ad
943 352 1007 378 res
1033 342 1230 378 Romanas
1268 343 1506 388 pertinentes

212 398 490 442 percensuerit.
542 397 662 433 Cuius
688 399 745 433 rei
772 403 811 433 et
833 399 988 434 omnino
1015 399 1207 443 quomodo
1232 400 1419 444 paulatim
1437 400 1506 435 La-

211 454 293 489 tina
318 454 417 489 ratio
444 455 698 489 abbreviandi
725 455 764 488 in
791 454 965 490 Graecos
991 455 1123 489 titulos
1149 454 1358 499 irrepserit,
1397 456 1507 490 brevi

212 515 387 555 tempore
413 510 615 555 praebebit
641 510 842 545 materiem
869 510 1067 545 commode
1094 511 1297 546 collectam
1315 521 1413 556 opus
1431 512 1517 555 cit.,.

213 566 316 610 quod
330 565 578 610 Francogalli
596 572 687 601 sunt
704 567 843 600 edituri
861 572 978 610 atque
996 566 1219 601 inscribitur
1232 565 1507 611 Inscriptiones

213 622 390 656 Graecae
417 621 466 657 ad
499 631 563 656 res
590 621 787 656 Romanas
824 623 1063 665 pertinentes
1100 622 1331 657 auctoritate
1368 628 1406 658 et
1441 623 1506 657 im-

213 677 345 723 pensis
371 677 596 713 academiae
622 677 914 722 inscriptionum
940 682 977 713 et
1004 678 1219 713 litterarum
1236 678 1506 714 humaniorum

213 735 400 770 collectae
440 740 477 769 et
515 734 653 780 editae,
693 734 852 770 Parisiis
875 734 963 769 1901
979 744 1063 778 sqq.
1115 734 1327 777 Quaerenti
1365 740 1506 777 autem,

213 795 405 835 quatenus
432 790 591 826 chartae
618 799 707 825 cum
724 791 798 825 hac
816 792 965 825 ratione
985 789 1238 825 abbreviandi
1262 791 1506 835 conveniant,

214 858 261 881 cn
302 846 494 881 succurrit
532 847 743 881 laterculus
770 847 967 880 nominum
993 846 1254 881 Romanorum
1286 857 1335 881 ex
1363 848 1507 882 chartis

213 894 470 947 Aegyptiacis
497 912 530 938 a.
551 902 593 938 C.
614 902 819 946 Wesselyo
854 902 1051 936 institutus
1087 902 1123 936 in
1163 902 1262 939 stud.
1292 902 1507 939 Vindobon.

213 958 346 993 XXIV
373 958 501 1003 (1902)
528 968 562 1002 p.
585 959 760 1002 lOlsqq..
789 968 902 1002 quem
935 958 1024 992 dum
1053 967 1237 1001 percurro
1268 959 1382 1003 video
1409 968 1508 993 com-

214 1014 441 1058 pendiosam
464 1014 695 1057 scripturam
716 1014 872 1047 omnino
890 1013 972 1047 fere
1000 1013 1136 1047 deesse
1154 1013 1192 1047 in
1211 1014 1356 1048 chartis
1383 1024 1508 1058 neque

213 1071 333 1104 ullum
361 1070 580 1113 exemplum
607 1069 772 1104 inveniri
799 1070 913 1104 tertio
932 1070 1088 1103 saeculo
1114 1069 1233 1113 prius.
1274 1070 1400 1113 Quam
1425 1080 1506 1104 rem

213 1136 288 1160 non
318 1131 378 1160 est
404 1132 474 1160 cur
499 1126 694 1167 miremur,
730 1135 818 1160 cum
845 1125 1053 1169 Aegyptus
1080 1135 1126 1159 ea
1153 1125 1202 1160 sit
1228 1129 1332 1160 terra
1360 1126 1508 1170 imperii

215 1182 390 1225 Romani,
431 1191 531 1226 quae
570 1182 739 1217 maxime
777 1192 904 1217 vacua
943 1182 993 1216 sit
1032 1182 1197 1216 colluvie
1233 1181 1507 1220 Romanorum.

214 1239 340 1275 Aliter
364 1248 430 1274 res
466 1248 509 1273 se
537 1239 654 1273 habet
679 1238 768 1274 inde
808 1249 831 1273 a
870 1244 1007 1282 quarto
1035 1239 1202 1282 saeculo,
1248 1248 1324 1283 quo
1351 1240 1507 1284 Aegyp-

214 1301 277 1329 tus
329 1295 368 1329 in
419 1295 581 1330 eandem
632 1294 796 1329 formam
840 1294 1029 1338 redigitur
1071 1300 1187 1339 atque
1230 1295 1329 1330 aliae
1380 1300 1507 1330 terrae

215 1352 423 1387 Romanae.
477 1352 607 1395 Quare
635 1352 749 1386 etiam
784 1351 884 1386 tituli
920 1351 1043 1386 nostri
1079 1352 1118 1386 in
1145 1351 1328 1396 Aegypto
1364 1353 1509 1396 reperti

214 1408 529 1452 compendiosam
556 1403 788 1451 scripturam
815 1407 970 1441 minime
996 1406 1185 1451 praebent
1211 1412 1249 1442 et
1276 1407 1313 1453 ii,
1345 1417 1509 1452 quorum

214 1469 382 1499 aetatem
409 1464 517 1507 potui
543 1463 718 1508 definire,
746 1469 784 1497 et
811 1464 960 1507 reliqui.
1013 1462 1093 1497 Iam
1119 1473 1214 1497 vero
1241 1473 1329 1498 cum
1360 1463 1508 1498 Ditten-

214 1519 371 1564 bergeri
397 1527 451 1556 or.
476 1519 544 1555 Gr.
572 1519 842 1562 inscriptiones
871 1519 1137 1562 Aegyptiacas
1163 1520 1375 1564 perlegam,
1408 1519 1507 1554 idem

215 1575 350 1611 aufero
376 1574 574 1619 iudicium;
612 1585 702 1609 nam
738 1575 1051 1619 compendiosam
1089 1575 1320 1619 scripturam
1351 1585 1428 1611 non
1456 1576 1508 1610 in-

215 1633 330 1667 venio
356 1631 430 1666 nisi
457 1631 496 1666 in
522 1632 646 1666 hisce:
682 1631 852 1667 Dittenb.
878 1631 948 1665 705
972 1641 1006 1666 a.
1036 1631 1103 1665 158
1129 1641 1165 1675 p.
1190 1631 1281 1667 Chr.
1304 1642 1341 1667 n.
1368 1632 1507 1675 partim

215 1687 432 1733 perscript.,
458 1687 598 1731 partim
626 1687 796 1730 abbrev.,
825 1687 895 1722 707
923 1692 962 1721 at
990 1686 1084 1730 Tyri
1110 1686 1325 1721 Phoenices
1352 1687 1509 1722 inventa

215 1755 246 1781 a.
273 1744 339 1779 167
367 1753 402 1788 p.
423 1742 514 1779 Chr.
533 1753 582 1786 n.,
610 1743 682 1778 714
709 1749 748 1778 at
760 1743 905 1778 Romae
932 1743 1058 1787 posita
1085 1742 1129 1780 ῘΙ.
1156 1753 1258 1779 saec.
1285 1753 1395 1788 verg.
1423 1744 1509 1789 (715

215 1800 453 1845 gentilicium
473 1800 632 1834 abbrev.
649 1800 851 1842 posterior.
866 1805 952 1841 aet„
976 1799 1047 1833 723
1061 1800 1194 1843 gentil.
1209 1800 1323 1834 modo
1337 1800 1509 1842 abbrev.,

215 1856 329 1892 modo
356 1856 559 1901 perscript.
579 1855 644 1892 IV.
665 1858 791 1900 saec).
835 1855 971 1890 Restat
998 1855 1114 1899 igitur
1140 1865 1258 1890 unum
1277 1856 1509 1902 exemplum,

215 1913 317 1957 quod
354 1913 606 1957 praenomina
644 1912 757 1946 modo
795 1912 958 1956 praebet
996 1913 1236 1952 abbreviata,
1275 1913 1389 1946 modo
1427 1922 1509 1956 per-

215 1969 371 2012 scripta.

333 2024 495 2069 Egimus
532 2024 580 2058 de
616 2024 932 2068 praenominibus
958 2023 1107 2058 Latinis
1144 2023 1182 2058 in
1208 2023 1362 2059 Graeca
1398 2029 1509 2068 parte

214 2081 413 2115 titulorum
439 2081 669 2123 bilinguium
695 2085 810 2123 atque
843 2079 1022 2122 vidimus,
1063 2083 1302 2123 quantopere
1332 2080 1433 2114 inter
1466 2089 1508 2113 se

215 2137 503 2181 distinguantur
528 2141 702 2180 tempore
731 2141 768 2170 et
801 2145 946 2180 genere
974 2140 1012 2170 et
1047 2135 1196 2180 origine
1223 2135 1394 2171 rationes
1420 2138 1509 2170 scri-

216 2193 342 2230 bendi.
394 2193 547 2228 Graeca
573 2193 688 2236 plena
725 2193 916 2237 scriptura
952 2202 1039 2227 cum
1077 2193 1232 2236 optimis
1270 2193 1509 2237 temporibus

215 2259 370 2293 semper
396 2250 635 2292 adhibeatur,
674 2259 723 2283 ex
751 2259 822 2283 usu
848 2249 974 2291 magis
1008 2249 1212 2293 magisque
1241 2250 1345 2283 venit
1382 2254 1508 2293 poste-

215 2306 317 2340 riore
344 2311 484 2349 aetate,
524 2305 626 2349 quod
653 2315 699 2339 eo
732 2305 976 2339 referendum
1004 2310 1074 2348 est,
1114 2305 1216 2350 quod
1245 2304 1398 2340 Graeca
1424 2314 1509 2339 con-

216 2362 380 2397 suetudo
408 2366 523 2405 atque
556 2361 754 2405 ingenium
781 2371 869 2396 cum
896 2361 1035 2395 Latina
1060 2371 1130 2404 per
1156 2367 1277 2395 totum
1305 2361 1508 2405 imperium
