1655 2789
428 283 548 319 Iuliae
567 305 573 311 ·
590 285 794 329 Augustae
1079 285 1226 321 Ἰουλίαν

477 340 725 384 Cyrenenses
1080 342 1268 386 Σεβαστὰν

428 396 458 431 Ρ
474 420 483 426 ·
500 395 664 431 Octavio
681 417 688 424 ·
704 406 845 440 procos
1082 398 1272 441 Κυραναῑοι

192 466 289 502 Illud
329 461 490 502 cas‘uum
529 467 735 502 discrimen
773 477 1006 511 quamquam
1033 467 1157 511 primo
1183 468 1319 502 obtutu
1346 468 1484 501 mirum

193 523 357 567 videtur,
384 533 514 558 rerum
542 523 880 568 epigraphicarum
897 523 1031 568 peritis
1049 524 1163 567 plane
1182 529 1484 559 consentaneum

193 586 253 622 est
279 590 326 615 ac
352 580 610 617 manifestum.
638 580 864 624 Explicatur
891 580 992 615 enim
1018 590 1067 614 ex
1082 580 1343 615 Romanorum
1369 585 1485 624 atque

194 636 436 671 Graecorum
462 637 499 671 in
527 637 648 671 titulis
675 637 891 671 honorariis
918 636 1196 671 consuetudine
1223 637 1391 673 diversa.
1443 636 1485 671 In

193 693 357 728 Graecis
398 694 518 728 titulis
558 692 774 730 honorariis
817 703 957 727 nomen
985 693 1085 736 eius,
1138 693 1203 737 qui
1252 693 1484 736 honoratur,

194 750 423 793 plerumque
466 749 692 784 accusativo
703 751 727 794 ¹)
774 748 937 784 effertur
975 749 1058 783 sive
1097 748 1199 783 nude
1237 749 1364 794 posito
1402 749 1485 784 sive

194 806 377 851 applicito
409 806 459 841 ad
486 806 649 841 verbum
674 806 890 841 honorandi
916 807 1106 850 ἑτείμησαν
1132 805 1319 842 simileve.
1383 806 1486 840 Titu—

193 863 319 896 lorum
344 862 639 896 honorariorum
658 867 696 896 et
715 871 828 896 usum
843 867 881 896 et
895 861 1059 896 formam
1074 871 1309 906 quamquam
1322 862 1486 896 Romani

194 923 488 962 assumpserunt
515 928 539 952 a
565 918 739 961 Graecis,
778 918 855 952 iam
881 919 996 962 paulo
1034 923 1240 962 postquam
1265 918 1486 952 huiusmodi

193 975 393 1009 titulorum
431 984 545 1008 usum
585 979 826 1018 receperunt,
868 984 937 1017 pro
976 975 1200 1008 accusativo
1236 974 1302 1008 illo
1340 980 1487 1018 ponunt

194 1030 367 1065 dativum
395 1035 510 1074 atque
538 1030 704 1064 retinent
730 1030 833 1064 hunc
859 1039 1004 1066 casum.
1032 1030 1061 1064 Ii
1086 1030 1215 1073 igitur,
1243 1030 1307 1074 qui
1334 1030 1485 1065 titulum

194 1091 369 1122 nostrum
395 1087 620 1129 posuerunt,
660 1095 743 1120 rem
779 1086 879 1120 bene
916 1091 1038 1130 agunt
1075 1091 1113 1120 et
1149 1091 1266 1131 recte,
1306 1086 1408 1129 quod
1448 1086 1486 1120 in

195 1142 342 1177 Latinis
369 1141 547 1176 honorati
573 1151 714 1176 nomen
741 1141 853 1176 aliter
879 1143 1099 1186 exprimunt
1126 1147 1241 1186 atque
1259 1142 1298 1176 in
1313 1142 1486 1185 Graecis,

195 1198 435 1243 eandemque
473 1198 626 1233 laudem
663 1197 792 1233 ferunt
829 1198 906 1234 alia
943 1198 991 1233 de
1029 1208 1158 1242 causa,
1196 1199 1286 1243 quia
1311 1199 1350 1234 in
1376 1200 1487 1234 titulo

195 1255 333 1289 Latino
359 1255 513 1299 singula
540 1256 661 1289 verba
687 1265 795 1289 more
813 1255 988 1289 Romano
1007 1261 1214 1289 secernunt
1232 1255 1354 1299 signis
1373 1256 1485 1290 inter-

194 1311 365 1357 positis²)
391 1310 540 1346 formae
567 1316 808 1356 punctorum,
836 1321 936 1356 quae
962 1311 1061 1346 bene
1089 1311 1227 1346 desunt
1254 1311 1291 1345 in
1312 1311 1486 1357 Graecis,

195 1378 283 1403 cum
310 1368 452 1403 Graeci
491 1369 529 1402 id
568 1368 775 1402 artificium
814 1370 915 1403 bono
954 1369 1155 1403 dumtaxat
1194 1379 1293 1402 aevo
1332 1369 1487 1403 omnino

196 1425 387 1468 ignorent.

315 1481 386 1516 His
403 1480 629 1525 praemissis
648 1480 695 1515 de
714 1487 877 1516 externa
894 1480 1018 1516 forma
1038 1481 1200 1516 duarum
1218 1482 1386 1526 partium
1402 1482 1488 1517 titu-

195 1539 320 1572 lorum
347 1538 424 1572 iam
451 1548 497 1571 eo
524 1543 780 1578 transeamus,
809 1544 850 1572 ut
876 1538 1031 1581 singula
1057 1538 1319 1572 additamenta
1346 1539 1487 1572 exami-

195 1602 342 1630 nemus,
385 1592 472 1627 Filii
499 1593 680 1627 indicatio
708 1603 796 1627 cum
823 1592 1061 1628 Graecorum
1090 1593 1369 1629 consuetudine
1396 1593 1486 1628 effe-

196 1655 305 1684 ratur
331 1659 401 1693 per
426 1649 540 1693 patrii
568 1650 733 1683 nominis
760 1650 984 1693 genetivum
1012 1650 1155 1684 omisso
1183 1650 1372 1684 vocabulo
1399 1652 1488 1694 υἱός,

196 1706 459 1741 Romanorum
487 1716 560 1740 usu
586 1706 707 1749 patris
725 1706 869 1740 nomini
889 1707 1121 1740 vocabulum
1148 1706 1281 1751 f(ilius)
1309 1707 1406 1741 solet
1425 1708 1487 1741 ad-

196 1762 323 1797 scribi.
378 1761 420 1797 In
459 1762 580 1797 titulis
619 1762 737 1805 igitur
764 1762 911 1796 Latinis
939 1762 1101 1796 Graecis
1129 1763 1364 1806 bilinguibus
1391 1763 1488 1797 haec

196 1823 256 1853 est
283 1818 385 1853 iusta
411 1818 509 1853 ratio
536 1818 751 1852 nominum:

613 1882 673 1918 Μ’.
701 1882 880 1925 Aquilius
908 1881 966 1918 Μ’.
993 1881 1017 1916 f.

611 1939 749 1983 Μάνιος
774 1939 933 1982 Ἀκύλιος
961 1939 1100 1975 Μανίου

198 2003 306 2037 Haec
320 2007 450 2039 autem
466 2003 673 2048 appellatio
689 2003 725 2037 in
742 2003 884 2037 nostris
900 2002 1018 2037 titulis
1033 2003 1238 2038 admodum
1253 2013 1342 2038 raro
1356 2003 1489 2047 depre-

197 2060 387 2095 henditur.
416 2059 513 2095 Sunt
527 2061 629 2094 enim
643 2060 699 2094 hi:
728 2059 821 2094 CIL.
838 2059 1010 2102 1117183,
1038 2060 1145 2106 7184,
1165 2060 1271 2104 7205,
1291 2061 1373 2105 479,
1393 2061 1487 2096 7177

198 2120 248 2160 (a.
271 2116 339 2151 129
365 2126 400 2152 a.
420 2116 522 2160 Chr.)
548 2126 683 2150 omnes
702 2126 726 2150 a
745 2115 804 2152 M!
830 2116 986 2159 Aquilio
1001 2126 1078 2153 cos,
1099 2117 1226 2163 positi,
1253 2118 1345 2151 item
1363 2127 1386 2151 a
1400 2117 1489 2151 civi—

198 2172 271 2206 bus
282 2171 468 2208 Romanis
491 2172 699 2217 conscripti
719 2172 811 2207 CIL.
825 2171 876 2207 111
890 2171 985 2208 7218
1004 2175 1053 2218 (a.
1071 2173 1138 2208 180
1156 2183 1190 2210 a.
1204 2172 1321 2219 Chr.),
1353 2173 1490 2209 14203⁴

319 2289 347 2322 1)
368 2289 402 2318 E.
424 2288 556 2323 Hiibner,
578 2287 743 2315 Handbuch
765 2288 817 2315 der
837 2287 906 2316 rom.
929 2287 1108 2324 Epigrnphik
1129 2297 1156 2324 p.
1179 2288 1245 2322 693.

317 2335 346 2370 2)
367 2336 404 2364 cf.
425 2337 510 2363 Aem.
533 2336 665 2370 Hiibner,
702 2335 842 2371 Exempla
874 2335 1026 2370 scripturae
1048 2335 1139 2371 epigr.
1160 2336 1234 2370 Lat„
1267 2335 1392 2362 Berolini
1417 2336 1488 2370 1885

196 2392 224 2419 p.
246 2383 369 2411 LXXV
380 2391 441 2418 sqq.
