1655 2789
767 217 957 246 -ῃ-

216 315 435 358 dignosces,
486 312 585 348 Nam
622 314 737 357 plane
776 313 850 349 alia
888 319 948 349 est
984 313 1159 348 condicio
1185 314 1285 349 tituli
1310 315 1503 361 trilinguis

216 372 255 407 in
281 370 466 414 Aegypto
491 371 640 414 reperti
655 375 776 415 atque
812 370 851 405 in
887 371 973 406 aliis
999 370 1146 405 finibus
1179 372 1339 416 imperii,
1377 382 1503 417 neque

215 428 387 471 lingua-m
401 426 688 471 Aegyptiaeam
713 427 935 476 putabimus
962 427 1216 471 archetypum
1243 437 1330 462 esse
1348 428 1502 473 inscrip-

215 483 340 525 tionis.
375 482 497 522 Immo
509 493 578 518 -res
594 483 649 518 ita
678 493 720 518 se
741 483 875 530 habet,
903 488 945 518 ut
970 493 1062 529 pars
1083 483 1384 529 Hieroglyphica
1409 485 1503 520 nihil

216 540 319 575 aliud
359 540 410 573 sit
445 540 520 579 nisi
538 557 545 582 χ
559 539 698 573 Latina
739 540 893 574 Graeca
931 540 1052 574 libere
1092 549 1290 582 expressa.
1358 541 1503 575 Contra

215 596 354 630 Latina
380 599 418 629 et
435 595 591 629 Graeca
617 604 851 639 quamquam
877 605 954 631 non
981 596 1030 630 ad
1058 596 1220 636 verbum
1239 596 1338 630 inter
1357 606 1399 630 se
1418 605 1503 631 con-

215 652 400 693 sentiunt¹
418 656 563 686 *tamen
601 652 767 686 eundem
801 653 990 695 praebent
1027 661 1186 691 cursum
1214 653 1502 704 sententiarum,
1532 698 1537 702 .

215 717 305 742 cum
330 706 635 751 Hieroglyphica
671 716 763 750 pars
799 706 957 746 etiamsi
987 712 1135 742 certum
1161 707 1212 742 sit
1238 717 1323 741 eam
1351 716 1503 751 quoque

215 768 392 807 spectare
419 763 469 797 ad
483 762 652 798 Cornelii
667 763 770 798 Galli
797 763 982 798 victorias
1008 769 1046 797 et
1072 763 1221 809 merita,
1248 764 1297 798 ab
1316 763 1501 798 eiusmodi

214 819 339 862 laude,
379 820 504 863 qualis
541 824 605 853 est>
637 820 676 855 in
713 819 822 854 titulo
866 819 1004 855 Latino
1048 819 1213 868 Graeco,
1265 824 1346 853 toto
1396 820 1503 853 caelo

219 875 345 911 distet.
398 875 483 919 Qua
509 885 551 910 re
577 876 851 919 comprobatur
878 875 1222 920 Hieroglyphicam
1249 882 1398 920 partem
1426 886 1502 910 non

215 932 263 965 ab
290 931 427 965 eodem
464 939 551 965 esse
588 930 806 965 confectam
840 936 956 975 atque
983 931 1160 966 Latinam
1193 931 1397 975 Grae-cam,
1434 931 1503 965 sed

215 987 340 1022 redire
384 987 432 1021 ad
483 987 720 1031 sacerdotes,
760 987 900 1031 quibus
943 987 1079 1022 Gallus
1128 987 1281 1022 titulum
1323 987 1502 1022 Latinum

215 1044 409 1080 Graecum
436 1043 680 1087 Aegyptiace
707 1044 937 1079 vertendum
960 1044 1219 1079 mandaverat
1229 1047 1264 1089 ¹).
1301 1043 1381 1079 Iam
1407 1054 1502 1079 vero

214 1098 406 1143 quomodo
433 1099 554 1142 partis
573 1099 735 1133 Latinae
755 1104 794 1133 et
811 1099 986 1134 Graecae
1014 1099 1236 1134 discrimina
1262 1099 1375 1133 huius
1402 1100 1501 1133 tituli

214 1155 290 1190 sint
317 1154 558 1202 explicanda,
585 1164 704 1199 supra
729 1165 764 1200 p.
784 1155 828 1191 51
859 1155 1030 1200 exposui.

331 1211 402 1245 His
429 1211 634 1255 disputatis
661 1212 737 1246 iam
763 1212 870 1247 iuvat
897 1222 978 1246 rem
1006 1212 1234 1256 disceptare,
1262 1222 1361 1256 quae
1385 1213 1499 1247 etiam

214 1266 311 1300 artis
335 1266 656 1310 archaeologicae
683 1267 817 1310 peritis
844 1267 999 1301 utilitati
1017 1277 1105 1301 esse
1125 1267 1257 1310 possit.
1286 1266 1500 1301 Nonnullas

214 1322 406 1366 bilingues
432 1323 631 1366 habemus,
659 1333 758 1367 quae
784 1324 839 1358 ita
865 1323 1074 1367 dispositae
1102 1329 1203 1365 sunt,
1230 1329 1271 1358 ut
1297 1323 1437 1360 Latina
1463 1329 1500 1358 et

214 1379 367 1413 Graeca
392 1380 579 1423 oppositis
605 1381 798 1414 lateribus.
809 1381 1024 1423 insculptae
1044 1381 1130 1416 sint.
1164 1380 1382 1424 Quaeritur,
1414 1385 1501 1415 utra

213 1444 304 1478 pars
330 1436 415 1470 loco
442 1435 580 1471 frontis
606 1436 786 1471 habenda
811 1436 872 1472 sit.
924 1436 1033 1471 Nam.
1049 1446 1099 1471 ex
1114 1441 1295 1480 quattuor
1313 1436 1500 1471 lateribus

213 1492 375 1526 alteram
392 1501 524 1526 earum
544 1492 721 1536 partium,
748 1502 847 1537 quae
865 1493 1017 1527 titulum
1036 1492 1173 1534 ferunt,
1201 1498 1307 1527 certe
1333 1493 1498 1528 anticam

213 1556 300 1581 esse
331 1553 465 1591 postea
492 1548 569 1582 iam
595 1548 808 1592 apparebit,
863 1549 1107 1592 Argumenta
1133 1548 1234 1582 illius
1260 1545 1327 1582 rei
1342 1558 1499 1584 consen-

212 1607 368 1638 taneum
411 1609 471 1639 est
513 1604 699 1648 imprimis
743 1615 792 1639 ex
829 1604 955 1639 forma
994 1610 1033 1639 et
1076 1605 1319 1652 ornamentis*
1361 1604 1499 1649 lapidis

213 1660 384 1696 eruenda
410 1671 508 1697 esse.
560 1661 641 1696 Iam
680 1661 712 1696 si
753 1662 846 1696 talia
883 1662 1025 1696 indicia
1063 1661 1215 1704 desunt,
1254 1656 1421 1696 editores
1460 1661 1497 1695 in

213 1717 402 1760 angustiis
429 1717 610 1752 videntur
628 1718 789 1754 versari.
817 1718 868 1753 Ut
886 1718 1108 1762 exemplum
1125 1727 1324 1762 ponamus,
1353 1717 1444 1752 CIL.
1461 1717 1498 1752 X

214 1772 308 1807 7017
315 1773 423 1809 =IG.
439 1773 533 1809 XIV
548 1774 619 1809 453
637 1774 790 1819 (Kaibel
805 1774 927 1820 epigr.
943 1774 1009 1813 Gr.
1026 1775 1112 1820 599)
1127 1773 1288 1809 Catinae
1302 1778 1497 1818 repertum

211 1834 328 1874 atque
339 1831 601 1875 conscriptum
610 1831 670 1867 111.
681 1842 784 1868 saec.
794 1842 831 1875 p.
839 1832 928 1868 Chr.
938 1832 1041 1866 hunc
1052 1832 1089 1866 in
1102 1832 1258 1865 modum
1266 1836 1326 1866 est
1338 1831 1496 1865 editum:

445 1910 494 1945 ab
521 1920 598 1945 una
624 1915 733 1954 parte
745 1921 752 1945 :

359 1974 466 2010 Βαιὸν
492 1968 552 2018 ἐμὲ
580 1974 742 2019 Νύμφαις
769 1975 875 2019 ἔργον
900 1974 1023 2021 κάμ[εν
1042 2001 1192 2012 ......

357 2030 400 2065 οὐ
426 2030 493 2074 γάρ
520 2043 578 2074 μοι
600 2029 782 2075 ’σθεναρὴν
806 2031 900 2075 χεῖρ”
920 2032 982 2066 ἐπε
1000 2056 1151 2066 ......

356 2086 434 2121 ἀλλ’
462 2087 501 2122 ἐν
527 2087 603 2130 ἐμοὶ
629 2088 795 2129 καμάτων
820 2086 923 2130 εὗρεν
949 2087 1065 2132 τὲλ[ος
1092 2086 1172 2129 εὗρε
1199 2088 1237 2122 δὲ
1263 2087 1397 2130 τύμβον

356 2142 481 2185 ἀγχόθι
508 2143 650 2186 λαινέης
676 2142 830 2185 αὔλακος
857 2141 1077 2188 ὑδρο[φόρου

356 2199 420 2241 τὴν
447 2198 556 2242 αὐτὸς
583 2199 734 2241 ποίησεν
759 2199 797 2241 ἐς
823 2199 911 2242 ἠέρα
937 2198 1088 2245 πολλῘὸν
1114 2198 1235 2242 ἀείρας

357 2256 449 2299 νᾶμα
475 2255 597 2299 φέρειν
623 2255 779 2299 καθαρὸν
805 2254 999 2301 ἑνναέται[ς
1028 2255 1187 2299 Κατάνης

442 2312 604 2348 Ἐννοίου

329 2400 356 2437 1)
378 2401 414 2430 cf.
436 2405 487 2430 aet.
508 2401 588 2429 acad.
610 2401 734 2430 Berolin.
759 2400 832 2435 1896
853 2410 882 2437 p,
903 2407 971 2436 477.
