1655 2789
721 213 835 244 -17
877 231 911 235 --

172 316 276 359 plum
316 313 510 348 Graecum
550 312 862 356 compendiosam
901 311 1133 355 scripturam
1170 312 1460 356 praenominum

172 369 351 405 ostendit.
402 368 609 402 Breviatae
632 367 779 402 formae
805 367 1114 411 antiquissimum
1133 368 1351 411 exemplum
1377 378 1458 411 rep-

172 425 255 470 peri
275 424 443 469 Augusti
473 427 601 458 aetate
620 422 712 458 CIL.
729 421 865 458 111551
889 422 1053 457 Athenis
1079 423 1231 467 publice
1258 434 1279 458 a
1299 423 1461 459 Graecis

173 481 445 525 conscriptum.
498 480 575 516 Sed
594 490 644 515 ex
662 481 736 515 hoc
753 486 927 524 tempore
946 480 1100 514 minime
1118 481 1345 524 praevalent
1363 491 1459 515 com-

173 537 312 583 pendia
360 547 453 582 prae
490 537 613 571 forma
650 536 876 581 perscripta.
942 536 1215 581 Inscriptiones
1254 538 1461 572 sollemnes

172 604 296 640 usque
322 594 372 630 ad
397 599 574 638 tempora
599 593 817 639 posteriora
853 603 1007 638 semper
1042 592 1124 628 fere
1159 592 1322 629 sormam
1355 603 1461 638 prae-

173 653 265 686 bent
290 651 559 695 perscriptam,
596 655 733 684 contra
758 650 986 694 compendia
1016 650 1056 683 in
1086 650 1146 684 his
1182 650 1303 684 titulis
1339 650 1462 693 primo

173 717 208 751 p.
253 707 343 743 Chr.
387 707 544 741 saeculo
587 711 625 740 et
661 706 789 750 priore
827 711 937 750 parte
975 705 1122 741 saeculi
1160 705 1321 741 secundi
1357 716 1463 740 num—

173 773 290 807 quam
315 762 436 799 habes
463 762 538 796 nisi
563 762 602 796 in
629 763 886 797 monumentis
913 762 1075 808 duobus,
1110 771 1272 805 quorum
1299 763 1463 796 alterum

173 818 344 862 Augusti
373 823 547 862 tempore
579 817 839 861 conscriptum
868 822 929 852 est
957 822 1072 861 atque
1091 819 1255 852 alterum
1285 818 1386 852 anno
1417 818 1463 852 43

172 884 208 919 p.
217 873 573 911 Chr.Crebrescunt
585 878 715 908 autem
727 873 955 918 compendia
965 873 1054 908 inde
1066 874 1115 908 ab
1128 874 1250 908 altera
1260 873 1342 909 fere
1353 879 1464 918 parte

174 930 319 965 saeculi
345 930 506 965 secundi
522 941 559 974 p.
575 930 677 972 Chr„
706 935 744 964 et
769 931 823 964 ita
845 930 999 974 quidem
1027 940 1075 964 ex
1101 931 1175 965 hoc
1201 937 1375 975 tempore
1401 928 1464 965 res

174 995 216 1020 se
242 985 371 1028 habet,
398 990 440 1020 ut
457 995 641 1020 numerus
669 995 813 1029 eorum,
841 986 905 1030 qui
923 985 1227 1029 perscribuntur,
1254 985 1355 1021 idem
1381 985 1464 1020 fere

174 1042 224 1077 sit
267 1046 383 1087 atque
422 1042 649 1086 compendio
688 1041 930 1086 scriptorum.
998 1042 1215 1086 Quaeritur,
1259 1052 1350 1078 num
1393 1043 1464 1078 dis-

174 1098 371 1141 crepantia
407 1099 622 1133 intercedat
658 1099 758 1132 inter
794 1104 1042 1133 monumenta
1073 1099 1225 1142 publice
1251 1109 1276 1133 a
1302 1099 1465 1133 Graecis

174 1153 394 1197 conscripta
432 1158 470 1188 et
509 1150 567 1196 e'a,
607 1163 706 1198 quae
746 1159 959 1197 posuerunt
996 1153 1171 1190 Romani.
1223 1155 1334 1198 Quod
1371 1155 1464 1189 dum

174 1210 453 1254 examinamus,
472 1210 570 1245 mira
587 1220 651 1245 res
671 1211 840 1245 animum
858 1210 1027 1248 offendit.
1065 1211 1340 1256 Inscriptiones
1362 1212 1464 1247 enim

176 1267 383 1300 sollemnes
410 1267 706 1310 compendiosae
733 1267 949 1311 scripturae
976 1278 1053 1302 non
1080 1267 1278 1302 Romanae
1305 1268 1464 1312 originis

174 1332 261 1356 esse
280 1322 471 1368 videntur,
498 1323 567 1357 sed
586 1322 773 1357 Graecae.
815 1323 912 1357 Nam
931 1324 1124 1358 Graecam
1143 1324 1329 1368 originem
1358 1330 1463 1360 certe

174 1378 343 1413 indicant
386 1378 479 1414 CIL.
507 1378 556 1413 III
586 1379 654 1413 551
694 1378 864 1422 Augusti
907 1384 1035 1414 aetate
1072 1381 1121 1414 ab
1158 1380 1463 1415 Atheniensibus

174 1434 377 1477 insculpta,
418 1434 510 1470 CIL.
532 1434 583 1468 III
609 1434 706 1470 6078
745 1434 1029 1469 Antoninorum
1064 1440 1238 1479 tempore
1276 1437 1403 1480 posita
1440 1446 1464 1471 a

174 1489 331 1524 civitate
358 1489 613 1533 Ephesiorum
650 1495 766 1534 atque
793 1489 886 1526 CIL.
902 1488 947 1524 Χ
967 1491 1063 1525 7240
1099 1492 1283 1535 temporis
1315 1492 1463 1535 incerti,

175 1544 244 1578 sed
270 1543 333 1581 III.
352 1546 511 1579 saeculo
536 1545 675 1588 prioris
694 1551 810 1589 atque
836 1546 989 1589 publice
1009 1546 1227 1590 conscripta
1253 1548 1302 1581 ab
1330 1548 1463 1581 ordine

174 1605 212 1635 et
229 1600 371 1644 populo
389 1600 558 1636 civitatis
572 1600 826 1645 Lilybitanae.
866 1600 1030 1637 Restant
1047 1602 1165 1646 igitur
1183 1602 1275 1637 hae:
1303 1602 1396 1640 CIL.
1412 1602 1463 1638 III

173 1656 266 1690 6871
302 1656 502 1699 Sagalassi
541 1657 579 1690 in
612 1657 733 1700 Lycia
774 1662 812 1691 et
844 1657 1073 1701 Pamphylia
1109 1668 1191 1701 pos,
1219 1659 1265 1692 43
1296 1659 1462 1704 p.-C11r.‚

174 1710 265 1747 CIL.
283 1710 334 1745 III
357 1711 495 1746 14149³
516 1712 679 1746 Bostrae
697 1712 797 1748 inter
820 1713 1006 1748 138-161
1024 1723 1060 1757 p.
1073 1713 1162 1748 Chr.
1181 1723 1276 1759 pos,
1304 1714 1397 1751 CIL.
1412 1714 1463 1749 III

178 1767 295 1802 12270
332 1768 371 1801 in
404 1768 529 1810 Lydia
567 1773 682 1811 atque
716 1768 809 1804 CIL.
840 1768 889 1802 III
916 1769 1014 1803 6094
1052 1770 1091 1803 in
1118 1769 1233 1803 Caria
1272 1776 1462 1815 repertae,

174 1827 336 1866 utraque
363 1822 489 1856 medio
515 1822 597 1857 fere
624 1821 736 1857 tertio
764 1824 920 1859 saeculo
946 1833 982 1868 p.
1011 1823 1098 1858 Chr.
1127 1823 1330 1872 insculpta,
1359 1835 1463 1869 quae

174 1877 443 1922 inscriptiones
480 1889 613 1914 omnes
651 1880 832 1923 operibus
868 1880 1033 1923 publicis
1059 1881 1204 1915 incisae
1231 1884 1329 1916 sunt
1346 1879 1462 1926 atque

174 1933 469 1977 imperatoribus
497 1944 707 1978 eorumque
729 1936 858 1969 domui
877 1936 1039 1972 dicatae.
1078 1936 1212 1970 Affero
1231 1938 1462 1981 exemplum.

174 1988 265 2024 CIL.
282 1988 333 2024 III
363 1990 480 2025 12270
506 1990 648 2035 legitur
674 1991 748 2028 sic:

466 2090 548 2133 Imp
575 2090 676 2124 Caes
694 2111 702 2118 ·
717 2092 756 2125 M
782 2090 839 2125 Iul
864 2091 1040 2134 Philippo
1066 2091 1129 2135 pio
1156 2092 1206 2126 fel

467 2145 610 2179 invicto
637 2145 729 2189 Aug
746 2163 754 2171 ·
772 2150 810 2179 et
827 2166 832 2172 -
850 2145 886 2179 M
914 2145 971 2179 Iul
996 2146 1174 2191 Philippo

466 2201 730 2247 no[b]ilissimo
757 2201 858 2237 Caes
875 2221 883 2228 ·
900 2207 938 2236 et
964 2202 1132 2238 Marciae

467 2256 651 2302 SJeverae
679 2257 770 2301 Aug
797 2257 909 2291 matri
936 2263 1152 2292 castrorum

466 2313 703 2357 Αὐτοκράτορι
731 2314 876 2357 Καίσαρι
903 2315 938 2348 Μ
966 2314 1054 2350 Ἰουλ
1081 2316 1188 2351 Φιλίπ

467 2381 523 2415 πῳ
550 2369 689 2414 εὐσεβεῖ
714 2370 852 2414 εὐτυχεῖ
877 2371 962 2415 Σεβ·
990 2372 1045 2407 καὶ
