1655 2789
756 205 948 236 -57-

206 307 314 336 tuum
339 302 470 346 populi
495 301 670 345 Romani,
711 299 925 348 consulum,
952 303 1237 346 proconsulum,
1265 304 1492 347 legatorum,

206 358 378 400 aliorum,
419 358 626 402 appellatio
652 357 807 393 Graeca
844 367 921 392 uno
961 358 1081 392 verbo
1108 368 1306 405 expressa,
1345 360 1492 404 ὕπατος,

205 414 409 459 ἀνθύπατος
435 415 529 457 rell„
556 419 599 449 ut
625 413 845 449 sufficiebat
862 413 1059 460 Romanis,
1085 414 1138 448 ita
1155 413 1241 450 fieri
1258 425 1335 449 non
1358 415 1491 459 potuit,

206 470 296 516 quin
323 471 430 507 initio
456 471 570 516 plane
596 470 769 506 inaudita
794 475 898 507 esset
924 469 1142 506 hominibus
1169 470 1342 508 Graecis.
1393 471 1492 516 Quid

206 528 307 562 enim
335 533 394 563 est
421 529 585 572 ὕπατοςξ)
612 527 723 571 Quod
738 533 798 562 est
823 528 937 562 inane
966 528 1138 570 verbum,
1164 528 1237 561 nisi
1256 529 1334 562 vim
1353 529 1492 571 accipit

206 593 252 618 ea
279 593 376 618 voce
402 584 593 626 adiuncta,
631 593 708 628 qua
733 583 970 628 exprimitur,
1009 583 1118 617 cuius
1155 583 1211 617 rei
1247 583 1296 618 sit
1321 593 1491 627 praeses.

205 639 264 675 Ita
288 639 434 676 factum
460 645 519 675 est
545 645 587 675 ut
601 640 742 675 Graeci
769 645 835 675 aut
862 639 1114 684 magistratus
1132 638 1295 674 Romani
1321 639 1359 674 in
1374 639 1492 674 Grae-

206 696 261 729 cis
300 695 443 730 finibus
482 702 732 730 monumenta
769 701 956 740 ponentes
994 695 1070 729 illis
1110 695 1310 729 vocabulis
1349 696 1492 729 addant

204 750 397 795 Ῥωμαίων.
454 750 579 785 Aliter
617 760 680 785 res
719 760 762 786 se
800 751 918 786 habet
956 751 996 785 in
1034 749 1293 784 monumentis
1331 749 1492 784 Graecis

204 807 350 842 Romae
389 808 628 856 conscriptis,
668 808 815 843 scilicet
854 807 1213 850 senatusconsultis,
1252 806 1317 841 ubi
1355 807 1491 841 horum

205 863 503 907 magistratuum
529 865 736 908 appellatio
763 874 917 907 semper
952 874 1022 907 per
1047 873 1167 897 unum
1192 863 1357 897 verbum
1383 862 1493 896 effer-

205 924 268 953 tur
277 921 313 965 ¹).
365 918 407 954 In
445 920 646 964 propatulo
685 924 814 954 autem
853 924 912 955 est
949 918 1036 954 fieri
1072 928 1149 953 non
1174 918 1360 963 potuisse,
1400 918 1491 963 quin

205 975 322 1010 etiam
347 976 450 1019 apud
476 976 649 1011 Graecos
674 976 907 1019 procedente
933 981 1106 1019 tempore
1132 975 1199 1009 illa
1224 975 1417 1010 vocabula
1443 985 1491 1008 ex

205 1040 278 1065 usu
303 1030 496 1075 frequenti
521 1032 719 1075 proprium
745 1041 902 1066 sensum
928 1031 1160 1075 acciperent,
1195 1030 1249 1065 ita
1275 1036 1317 1065 ut
1343 1030 1492 1065 addita-

204 1092 376 1122 mentum
397 1089 583 1132 Ῥωμαίων
608 1087 824 1123 abundaret
843 1092 881 1122 et
898 1087 1127 1124 abiceretur.
1159 1087 1288 1131 Quare
1306 1096 1355 1121 ne
1373 1095 1492 1121 unum

205 1143 360 1188 quidem
388 1145 608 1187 exemplum
646 1143 785 1178 aetatis
812 1144 1086 1187 imperatorum
1121 1149 1298 1177 tenemus
1325 1144 1493 1187 appella-

205 1200 319 1234 tionis
345 1200 447 1236 illius
472 1200 684 1243 pleniorem
709 1200 749 1234 in
775 1199 932 1234 modum
958 1209 1179 1243 expressae.

324 1255 498 1291 Transeo
516 1256 566 1290 ad
584 1255 881 1292 examinandam
900 1255 1041 1290 seriem
1059 1255 1361 1299 inscriptionum,
1389 1264 1490 1299 quae

205 1322 304 1346 aevo
331 1312 578 1355 imperatorio
604 1312 757 1355 publice
793 1312 940 1346 incisae
971 1317 1061 1346 sunt
1095 1312 1180 1346 sive
1206 1311 1379 1346 miliariis
1405 1311 1489 1345 sive

206 1368 292 1403 aliis
332 1368 514 1412 operibus
550 1368 727 1413 publicis.
779 1368 951 1412 Quarum
991 1369 1208 1412 exemplum
1249 1367 1368 1402 affero
1395 1367 1489 1404 CIL.

205 1425 370 1460 1116094
395 1424 482 1463 add.
509 1435 545 1461 n.
569 1424 690 1460 14202
715 1425 884 1468 positum
910 1435 944 1461 a.
964 1424 1036 1459 254
1053 1434 1089 1468 p.
1110 1424 1199 1460 Chr.
1226 1429 1342 1469 atque
1360 1433 1484 1468 reper-

204 1487 286 1516 tum
311 1491 432 1526 prope
459 1481 610 1517 Tralles
636 1481 784 1516 Cariae.

322 1555 706 1599 Imp-Caes-P0·Lic
720 1554 1074 1599 -Valeriano·Aug
1105 1554 1139 1589 II
1165 1560 1204 1589 et

322 1612 938 1660 imp-Caes-P0·Lic—Gall[ien]o
964 1613 1056 1657 Aug
1104 1606 1142 1609 —

441 1670 489 1704 ab
517 1669 673 1714 Epheso
700 1671 761 1717 [m.
789 1679 824 1713 p.
851 1669 981 1716 X]XX

321 1726 559 1770 Αὐτοκράτορι
586 1727 731 1771 Καίσαρι
757 1725 784 1767 ἦ
811 1726 1128 1773 Λικ-Οὒαλεριανῷ

324 1784 430 1828 εὐσεβ
456 1783 561 1827 εὐτυχ
586 1785 756 1831 Σεβαστῷ
781 1785 838 1820 καὶ
863 1783 1096 1827 αὐτοκράτορι

323 1843 469 1887 Καίσαρι
496 1841 523 1883 ἦ
551 1843 816 1891 Λικ-Γαλλιηνῷ
843 1842 1277 1889 εὐσεβ-εὐτυχ-Σεβαστῷ

439 1902 510 1939 ἀπὸ
537 1902 692 1948 Ἐφέσου
721 1891 756 1939 Μ
784 1903 815 1940 λ’

323 1960 477 1995 Ἀνθυ-Γ
490 1959 597 1995 ·Ἰουλ
636 1959 883 1996 Οὐολουσίννα
907 1959 1136 2001 Ῥογατιανοῦ

204 2038 328 2074 Huius
378 2039 639 2084 inscriptionis
689 2044 839 2084 partem
885 2038 1064 2074 Latinam
1114 2039 1148 2073 si
1199 2037 1487 2082 comparaveris

204 2105 291 2130 cum
318 2095 480 2143 Graeca,
507 2096 595 2130 illas
622 2095 902 2140 discrepantias
927 2095 1090 2130 habebis
1124 2095 1330 2130 admodum
1354 2094 1485 2136 miras,

204 2151 343 2196 quibus
369 2152 510 2186 lineam
537 2152 802 2187 subduximus.
829 2151 873 2187 ln
890 2152 1020 2187 latinis
1039 2161 1126 2186 cum
1145 2153 1320 2195 legamus
1338 2150 1430 2194 Aug
1441 2149 1486 2193 11,

203 2208 242 2242 in
269 2207 430 2242 Graecis
457 2208 550 2242 nihil
577 2208 785 2252 respondet
811 2208 884 2244 nisi
910 2209 1092 2255 Σεβαστῷ,
1120 2213 1235 2251 atque
1257 2206 1372 2241 etiam
1399 2215 1487 2240 cum

203 2275 239 2302 v.
267 2267 290 2300 5
318 2270 355 2299 et
382 2266 404 2299 6
440 2269 567 2300 exstet
594 2266 710 2310 εὐσεβ.
738 2266 865 2311 εὐτυχ.,
903 2265 941 2299 in
968 2265 1116 2300 Latinis
1147 2264 1243 2299 haec
1279 2263 1487 2307 appellatio

203 2321 317 2364 plane
343 2330 553 2365 suppressa
580 2326 639 2356 est
671 2321 840 2366 itemque
877 2321 1031 2365 quando
1066 2320 1199 2355 titulus
1237 2320 1386 2363 positus
1426 2319 1486 2364 sit,

324 2395 351 2432 1)
372 2396 408 2425 cf.
428 2396 553 2441 Foucart
572 2396 591 2424 1.
612 2395 633 2424 l.
