<?xml version="1.0" encoding="UTF-8"?>
<!DOCTYPE html PUBLIC "-//W3C//DTD XHTML 1.0 Transitional//EN"
    "http://www.w3.org/TR/xhtml1/DTD/xhtml1-transitional.dtd">
<html xmlns="http://www.w3.org/1999/xhtml" xml:lang="en" lang="en">
 <head>
  <title>
</title>
<meta http-equiv="Content-Type" content="text/html;charset=utf-8" />
  <meta name='ocr-system' content='tesseract 3.04.00' />
  <meta name='ocr-capabilities' content='ocr_page ocr_carea ocr_par ocr_line ocrx_word'/>
</head>
<body>
  <div class='ocr_page' id='page_1' title='image "4737799_0061.png"; bbox 0 0 1655 2789; ppageno 0'>
   <div class='ocr_carea' id='block_1_1' title="bbox 739 227 933 259">
    <p class='ocr_par' dir='ltr' id='par_1_1' title="bbox 739 227 933 259">
     <span class='ocr_line' id='line_1_1' title="bbox 739 227 933 259; baseline 0.005 -10"><span class='ocrx_word' id='word_1_1' title='bbox 739 227 933 259; x_wconf 73' lang='lat'><strong>..55-</strong></span> 
     </span>
    </p>
   </div>
   <div class='ocr_carea' id='block_1_2' title="bbox 190 324 1480 1213">
    <p class='ocr_par' dir='ltr' id='par_1_2' title="bbox 190 324 1480 1213">
     <span class='ocr_line' id='line_1_2' title="bbox 193 324 1479 368; baseline 0.002 -10"><span class='ocrx_word' id='word_1_2' title='bbox 193 324 381 358; x_wconf 90' lang='lat' dir='ltr'>Videmus</span> <span class='ocrx_word' id='word_1_3' title='bbox 408 324 631 358; x_wconf 86' lang='lat' dir='ltr'>discrimina</span> <span class='ocrx_word' id='word_1_4' title='bbox 656 328 834 367; x_wconf 83' lang='lat' dir='ltr'>tractata,</span> <span class='ocrx_word' id='word_1_5' title='bbox 862 333 961 368; x_wconf 86' lang='lat' dir='ltr'>quae</span> <span class='ocrx_word' id='word_1_6' title='bbox 988 324 1228 359; x_wconf 87' lang='lat' dir='ltr'>intercedunt</span> <span class='ocrx_word' id='word_1_7' title='bbox 1254 325 1353 360; x_wconf 89' lang='lat' dir='ltr'>inter</span> <span class='ocrx_word' id='word_1_8' title='bbox 1379 325 1479 360; x_wconf 86' lang='lat' dir='ltr'>Lati-</span> 
     </span>
     <span class='ocr_line' id='line_1_3' title="bbox 193 379 1479 427; baseline 0.002 -13"><span class='ocrx_word' id='word_1_9' title='bbox 193 389 283 414; x_wconf 87' lang='lat' dir='ltr'>nam</span> <span class='ocrx_word' id='word_1_10' title='bbox 310 385 348 414; x_wconf 88' lang='lat' dir='ltr'>et</span> <span class='ocrx_word' id='word_1_11' title='bbox 362 380 554 414; x_wconf 86' lang='lat' dir='ltr'>Graecam</span> <span class='ocrx_word' id='word_1_12' title='bbox 581 384 732 423; x_wconf 85' lang='lat' dir='ltr'>partem</span> <span class='ocrx_word' id='word_1_13' title='bbox 758 380 998 423; x_wconf 89' lang='lat' dir='ltr'>quorundam</span> <span class='ocrx_word' id='word_1_14' title='bbox 1026 379 1221 415; x_wconf 91' lang='lat' dir='ltr'>titulorum</span> <span class='ocrx_word' id='word_1_15' title='bbox 1239 381 1479 427; x_wconf 79' lang='lat' dir='ltr'>bilinguium,</span> 
     </span>
     <span class='ocr_line' id='line_1_4' title="bbox 193 435 1478 478; baseline 0.002 -8"><span class='ocrx_word' id='word_1_16' title='bbox 193 446 270 470; x_wconf 92' lang='lat' dir='ltr'>non</span> <span class='ocrx_word' id='word_1_17' title='bbox 298 446 385 471; x_wconf 90' lang='lat' dir='ltr'>esse</span> <span class='ocrx_word' id='word_1_18' title='bbox 412 446 505 470; x_wconf 87' lang='lat' dir='ltr'>vere</span> <span class='ocrx_word' id='word_1_19' title='bbox 532 435 807 478; x_wconf 87' lang='lat' dir='ltr'>additamenta,</span> <span class='ocrx_word' id='word_1_20' title='bbox 843 436 913 470; x_wconf 89' lang='lat' dir='ltr'>sed</span> <span class='ocrx_word' id='word_1_21' title='bbox 949 435 1153 471; x_wconf 85' lang='lat' dir='ltr'>referenda</span> <span class='ocrx_word' id='word_1_22' title='bbox 1189 446 1276 471; x_wconf 90' lang='lat' dir='ltr'>esse</span> <span class='ocrx_word' id='word_1_23' title='bbox 1315 437 1364 472; x_wconf 90' lang='lat' dir='ltr'>ad</span> <span class='ocrx_word' id='word_1_24' title='bbox 1390 447 1478 472; x_wconf 88' lang='lat' dir='ltr'>con-</span> 
     </span>
     <span class='ocr_line' id='line_1_5' title="bbox 193 491 1478 527; baseline 0.001 -1"><span class='ocrx_word' id='word_1_25' title='bbox 193 492 436 527; x_wconf 89' lang='lat' dir='ltr'>suetudinem</span> <span class='ocrx_word' id='word_1_26' title='bbox 455 491 617 526; x_wconf 83' lang='lat' dir='ltr'>Graecis</span> <span class='ocrx_word' id='word_1_27' title='bbox 644 496 682 526; x_wconf 91' lang='lat' dir='ltr'>et</span> <span class='ocrx_word' id='word_1_28' title='bbox 701 491 883 526; x_wconf 88' lang='lat' dir='ltr'>Romanis</span> <span class='ocrx_word' id='word_1_29' title='bbox 909 492 1116 527; x_wconf 89' lang='lat' dir='ltr'>diversam.</span> <span class='ocrx_word' id='word_1_30' title='bbox 1159 492 1321 527; x_wconf 86' lang='lat' dir='ltr'>Romani</span> <span class='ocrx_word' id='word_1_31' title='bbox 1347 502 1478 527; x_wconf 87' lang='lat' dir='ltr'>curam</span> 
     </span>
     <span class='ocr_line' id='line_1_6' title="bbox 193 548 1478 593; baseline 0.001 -10"><span class='ocrx_word' id='word_1_32' title='bbox 193 554 367 593; x_wconf 87' lang='lat' dir='ltr'>egerunt,</span> <span class='ocrx_word' id='word_1_33' title='bbox 406 550 462 583; x_wconf 77' lang='lat' dir='ltr'>‘ut</span> <span class='ocrx_word' id='word_1_34' title='bbox 501 548 698 583; x_wconf 88' lang='lat' dir='ltr'>hominum</span> <span class='ocrx_word' id='word_1_35' title='bbox 735 548 908 583; x_wconf 91' lang='lat' dir='ltr'>condicio</span> <span class='ocrx_word' id='word_1_36' title='bbox 945 548 1070 583; x_wconf 87' lang='lat' dir='ltr'>civilis</span> <span class='ocrx_word' id='word_1_37' title='bbox 1107 548 1395 593; x_wconf 86' lang='lat' dir='ltr'>intellegeretur</span> <span class='ocrx_word' id='word_1_38' title='bbox 1430 560 1478 584; x_wconf 87' lang='lat' dir='ltr'>ex</span> 
     </span>
     <span class='ocr_line' id='line_1_7' title="bbox 192 604 1478 649; baseline 0.001 -11"><span class='ocrx_word' id='word_1_39' title='bbox 192 605 277 647; x_wconf 92' lang='lat' dir='ltr'>ipso</span> <span class='ocrx_word' id='word_1_40' title='bbox 295 604 448 638; x_wconf 89' lang='lat' dir='ltr'>nomine</span> <span class='ocrx_word' id='word_1_41' title='bbox 463 606 575 647; x_wconf 84' lang='lat' dir='ltr'>plene</span> <span class='ocrx_word' id='word_1_42' title='bbox 590 605 812 649; x_wconf 77' lang='lat' dir='ltr'>enuntiato’,</span> <span class='ocrx_word' id='word_1_43' title='bbox 840 605 981 639; x_wconf 85' lang='lat' dir='ltr'>Graeci</span> <span class='ocrx_word' id='word_1_44' title='bbox 999 605 1196 638; x_wconf 89' lang='lat' dir='ltr'>hominum</span> <span class='ocrx_word' id='word_1_45' title='bbox 1214 605 1478 639; x_wconf 88' lang='lat' dir='ltr'>diversitatem</span> 
     </span>
     <span class='ocr_line' id='line_1_8' title="bbox 193 660 1477 705; baseline 0.001 -9"><span class='ocrx_word' id='word_1_46' title='bbox 193 660 346 697; x_wconf 90' lang='lat' dir='ltr'>civilem</span> <span class='ocrx_word' id='word_1_47' title='bbox 374 661 526 695; x_wconf 90' lang='lat' dir='ltr'>nomine</span> <span class='ocrx_word' id='word_1_48' title='bbox 553 670 626 695; x_wconf 91' lang='lat' dir='ltr'>non</span> <span class='ocrx_word' id='word_1_49' title='bbox 656 661 885 705; x_wconf 86' lang='lat' dir='ltr'>exprimunt,</span> <span class='ocrx_word' id='word_1_50' title='bbox 926 660 1093 696; x_wconf 84' lang='lat' dir='ltr'>fortasse</span> <span class='ocrx_word' id='word_1_51' title='bbox 1120 670 1206 696; x_wconf 86' lang='lat' dir='ltr'>eam</span> <span class='ocrx_word' id='word_1_52' title='bbox 1233 661 1281 696; x_wconf 94' lang='lat' dir='ltr'>ob</span> <span class='ocrx_word' id='word_1_53' title='bbox 1309 671 1477 705; x_wconf 88' lang='lat' dir='ltr'>causam,</span> 
     </span>
     <span class='ocr_line' id='line_1_9' title="bbox 192 718 1479 761; baseline 0.001 -10"><span class='ocrx_word' id='word_1_54' title='bbox 192 727 240 752; x_wconf 90' lang='lat' dir='ltr'>ne</span> <span class='ocrx_word' id='word_1_55' title='bbox 268 718 355 751; x_wconf 90' lang='lat' dir='ltr'>inde</span> <span class='ocrx_word' id='word_1_56' title='bbox 395 720 572 761; x_wconf 77' lang='lat' dir='ltr'>pateat1).</span> <span class='ocrx_word' id='word_1_57' title='bbox 625 718 754 760; x_wconf 83' lang='lat' dir='ltr'>Quare</span> <span class='ocrx_word' id='word_1_58' title='bbox 792 718 918 760; x_wconf 89' lang='lat' dir='ltr'>etiam,</span> <span class='ocrx_word' id='word_1_59' title='bbox 960 728 1008 752; x_wconf 90' lang='lat' dir='ltr'>ne</span> <span class='ocrx_word' id='word_1_60' title='bbox 1046 718 1204 761; x_wconf 87' lang='lat' dir='ltr'>ingenui</span> <span class='ocrx_word' id='word_1_61' title='bbox 1243 724 1281 752; x_wconf 88' lang='lat' dir='ltr'>et</span> <span class='ocrx_word' id='word_1_62' title='bbox 1313 718 1479 752; x_wconf 88' lang='lat' dir='ltr'>libertini</span> 
     </span>
     <span class='ocr_line' id='line_1_10' title="bbox 193 772 1479 815; baseline 0 -8"><span class='ocrx_word' id='word_1_63' title='bbox 193 773 356 807; x_wconf 89' lang='lat' dir='ltr'>eandem</span> <span class='ocrx_word' id='word_1_64' title='bbox 384 773 548 807; x_wconf 87' lang='lat' dir='ltr'>nominis</span> <span class='ocrx_word' id='word_1_65' title='bbox 574 772 738 807; x_wconf 87' lang='lat' dir='ltr'>formam</span> <span class='ocrx_word' id='word_1_66' title='bbox 765 774 943 815; x_wconf 85' lang='lat' dir='ltr'>habeant,</span> <span class='ocrx_word' id='word_1_67' title='bbox 984 773 1246 807; x_wconf 86' lang='lat' dir='ltr'>Romanorum</span> <span class='ocrx_word' id='word_1_68' title='bbox 1273 773 1415 807; x_wconf 88' lang='lat' dir='ltr'>civium</span> <span class='ocrx_word' id='word_1_69' title='bbox 1441 779 1479 810; x_wconf 87' lang='lat' dir='ltr'>et</span> 
     </span>
     <span class='ocr_line' id='line_1_11' title="bbox 192 828 1478 873; baseline 0 -10"><span class='ocrx_word' id='word_1_70' title='bbox 192 829 458 864; x_wconf 85' lang='lat' dir='ltr'>libertinorum</span> <span class='ocrx_word' id='word_1_71' title='bbox 498 829 745 873; x_wconf 86' lang='lat' dir='ltr'>appellationi</span> <span class='ocrx_word' id='word_1_72' title='bbox 772 829 948 868; x_wconf 83' lang='lat' dir='ltr'>Graecae</span> <span class='ocrx_word' id='word_1_73' title='bbox 988 829 1180 864; x_wconf 85' lang='lat' dir='ltr'>vocabula</span> <span class='ocrx_word' id='word_1_74' title='bbox 1217 828 1286 863; x_wconf 89' lang='lat' dir='ltr'>filii</span> <span class='ocrx_word' id='word_1_75' title='bbox 1312 828 1478 873; x_wconf 85' lang='lat' dir='ltr'>filiaeve,</span> 
     </span>
     <span class='ocr_line' id='line_1_12' title="bbox 190 885 1478 930; baseline 0 -10"><span class='ocrx_word' id='word_1_76' title='bbox 190 885 318 920; x_wconf 85' lang='lat' dir='ltr'>liberti</span> <span class='ocrx_word' id='word_1_77' title='bbox 344 885 557 920; x_wconf 85' lang='lat' dir='ltr'>libertaeve</span> <span class='ocrx_word' id='word_1_78' title='bbox 584 887 660 920; x_wconf 87' lang='lat' dir='ltr'>iam</span> <span class='ocrx_word' id='word_1_79' title='bbox 686 886 856 930; x_wconf 87' lang='lat' dir='ltr'>pristinis</span> <span class='ocrx_word' id='word_1_80' title='bbox 884 886 1122 930; x_wconf 90' lang='lat' dir='ltr'>temporibus</span> <span class='ocrx_word' id='word_1_81' title='bbox 1149 885 1382 922; x_wconf 86' lang='lat' dir='ltr'>inseruntur.</span> <span class='ocrx_word' id='word_1_82' title='bbox 1419 886 1478 920; x_wconf 91' lang='lat' dir='ltr'>De</span> 
     </span>
     <span class='ocr_line' id='line_1_13' title="bbox 191 942 1479 986; baseline 0.001 -11"><span class='ocrx_word' id='word_1_83' title='bbox 191 942 460 985; x_wconf 85' lang='lat' dir='ltr'>appellatione,</span> <span class='ocrx_word' id='word_1_84' title='bbox 498 947 688 985; x_wconf 89' lang='lat' dir='ltr'>quatenus</span> <span class='ocrx_word' id='word_1_85' title='bbox 716 942 872 975; x_wconf 90' lang='lat' dir='ltr'>diversa</span> <span class='ocrx_word' id='word_1_86' title='bbox 897 942 947 975; x_wconf 91' lang='lat' dir='ltr'>sit</span> <span class='ocrx_word' id='word_1_87' title='bbox 974 942 1013 975; x_wconf 92' lang='lat' dir='ltr'>in</span> <span class='ocrx_word' id='word_1_88' title='bbox 1040 942 1195 976; x_wconf 88' lang='lat' dir='ltr'>Graeca</span> <span class='ocrx_word' id='word_1_89' title='bbox 1227 948 1337 984; x_wconf 89' lang='lat' dir='ltr'>parte</span> <span class='ocrx_word' id='word_1_90' title='bbox 1364 947 1479 986; x_wconf 91' lang='lat' dir='ltr'>atque</span> 
     </span>
     <span class='ocr_line' id='line_1_14' title="bbox 191 997 1480 1041; baseline 0.001 -10"><span class='ocrx_word' id='word_1_91' title='bbox 191 997 340 1040; x_wconf 88' lang='lat' dir='ltr'>Latina,</span> <span class='ocrx_word' id='word_1_92' title='bbox 368 1003 525 1032; x_wconf 89' lang='lat' dir='ltr'>acturus</span> <span class='ocrx_word' id='word_1_93' title='bbox 553 998 666 1032; x_wconf 88' lang='lat' dir='ltr'>video</span> <span class='ocrx_word' id='word_1_94' title='bbox 693 998 730 1032; x_wconf 89' lang='lat' dir='ltr'>in</span> <span class='ocrx_word' id='word_1_95' title='bbox 758 997 956 1032; x_wconf 82' lang='lat' dir='ltr'>efferendo</span> <span class='ocrx_word' id='word_1_96' title='bbox 983 998 1137 1032; x_wconf 91' lang='lat' dir='ltr'>nomine</span> <span class='ocrx_word' id='word_1_97' title='bbox 1155 998 1240 1041; x_wconf 91' lang='lat' dir='ltr'>ipso</span> <span class='ocrx_word' id='word_1_98' title='bbox 1258 998 1480 1033; x_wconf 88' lang='lat' dir='ltr'>discrimina</span> 
     </span>
     <span class='ocr_line' id='line_1_15' title="bbox 193 1053 1478 1097; baseline 0.002 -11"><span class='ocrx_word' id='word_1_99' title='bbox 193 1053 433 1087; x_wconf 89' lang='lat' dir='ltr'>intercedere</span> <span class='ocrx_word' id='word_1_100' title='bbox 460 1053 560 1087; x_wconf 88' lang='lat' dir='ltr'>inter</span> <span class='ocrx_word' id='word_1_101' title='bbox 586 1054 683 1088; x_wconf 87' lang='lat' dir='ltr'>duas</span> <span class='ocrx_word' id='word_1_102' title='bbox 712 1054 854 1088; x_wconf 87' lang='lat' dir='ltr'>formas</span> <span class='ocrx_word' id='word_1_103' title='bbox 873 1053 1165 1096; x_wconf 85' lang='lat' dir='ltr'>inscriptionum</span> <span class='ocrx_word' id='word_1_104' title='bbox 1184 1059 1222 1087; x_wconf 92' lang='lat' dir='ltr'>et</span> <span class='ocrx_word' id='word_1_105' title='bbox 1240 1053 1294 1088; x_wconf 85' lang='lat' dir='ltr'>ita</span> <span class='ocrx_word' id='word_1_106' title='bbox 1312 1054 1478 1097; x_wconf 81' lang='lat' dir='ltr'>quidem.</span> 
     </span>
     <span class='ocr_line' id='line_1_16' title="bbox 192 1110 1476 1154; baseline 0.001 -10"><span class='ocrx_word' id='word_1_107' title='bbox 192 1115 233 1144; x_wconf 94' lang='lat' dir='ltr'>ut</span> <span class='ocrx_word' id='word_1_108' title='bbox 259 1110 302 1153; x_wconf 93' lang='lat' dir='ltr'>is,</span> <span class='ocrx_word' id='word_1_109' title='bbox 331 1110 395 1154; x_wconf 91' lang='lat' dir='ltr'>qui</span> <span class='ocrx_word' id='word_1_110' title='bbox 414 1110 688 1154; x_wconf 87' lang='lat' dir='ltr'>conscripserit</span> <span class='ocrx_word' id='word_1_111' title='bbox 706 1111 868 1151; x_wconf 81' lang='lat' dir='ltr'>titulum,</span> <span class='ocrx_word' id='word_1_112' title='bbox 895 1110 933 1144; x_wconf 90' lang='lat' dir='ltr'>in</span> <span class='ocrx_word' id='word_1_113' title='bbox 949 1110 1111 1145; x_wconf 89' lang='lat' dir='ltr'>Graecis</span> <span class='ocrx_word' id='word_1_114' title='bbox 1126 1110 1320 1146; x_wconf 88' lang='lat' dir='ltr'>Graecum</span> <span class='ocrx_word' id='word_1_115' title='bbox 1339 1121 1476 1145; x_wconf 88' lang='lat' dir='ltr'>nomen</span> 
     </span>
     <span class='ocr_line' id='line_1_17' title="bbox 192 1160 1343 1213; baseline 0.001 -12"><span class='ocrx_word' id='word_1_116' title='bbox 192 1172 321 1213; x_wconf 87' lang='lat' dir='ltr'>ponat,</span> <span class='ocrx_word' id='word_1_117' title='bbox 348 1167 385 1201; x_wconf 93' lang='lat' dir='ltr'>in</span> <span class='ocrx_word' id='word_1_118' title='bbox 413 1167 561 1202; x_wconf 88' lang='lat' dir='ltr'>Latinis</span> <span class='ocrx_word' id='word_1_119' title='bbox 588 1167 777 1204; x_wconf 89' lang='lat' dir='ltr'>Latinum.</span> <span class='ocrx_word' id='word_1_120' title='bbox 829 1167 937 1202; x_wconf 84' lang='lat' dir='ltr'>Haec</span> <span class='ocrx_word' id='word_1_121' title='bbox 964 1168 1144 1211; x_wconf 84' lang='lat' dir='ltr'>exempla</span> <span class='ocrx_word' id='word_1_122' title='bbox 1170 1160 1343 1203; x_wconf 85' lang='lat' dir='ltr'>enotavi:</span> 
     </span>
    </p>
   </div>
   <div class='ocr_carea' id='block_1_3' title="bbox 190 1258 1397 1525">
    <p class='ocr_par' dir='ltr' id='par_1_3' title="bbox 190 1258 1397 1525">
     <span class='ocr_line' id='line_1_18' title="bbox 192 1258 1181 1303; baseline 0.002 -11"><span class='ocrx_word' id='word_1_123' title='bbox 192 1258 284 1294; x_wconf 89' lang='lat' dir='ltr'><strong>CIL.</strong></span> <span class='ocrx_word' id='word_1_124' title='bbox 313 1258 363 1292; x_wconf 92' lang='lat'>111</span> <span class='ocrx_word' id='word_1_125' title='bbox 414 1259 496 1294; x_wconf 83' lang='lat'>415.</span> <span class='ocrx_word' id='word_1_126' title='bbox 526 1261 649 1303; x_wconf 88' lang='grc' dir='ltr'>Γναῖος</span> <span class='ocrx_word' id='word_1_127' title='bbox 680 1259 725 1294; x_wconf 83' lang='grc' dir='ltr'>Δ’</span> <span class='ocrx_word' id='word_1_128' title='bbox 744 1262 748 1302; x_wconf 95' lang='grc'>1</span> <span class='ocrx_word' id='word_1_129' title='bbox 766 1259 940 1301; x_wconf 85' lang='grc' dir='ltr'>Ἀτέλλιος</span> <span class='ocrx_word' id='word_1_130' title='bbox 958 1262 962 1301; x_wconf 88' lang='grc' dir='ltr'>Ι</span> <span class='ocrx_word' id='word_1_131' title='bbox 979 1259 1158 1302; x_wconf 86' lang='grc' dir='ltr'>Πολύβιος</span> <span class='ocrx_word' id='word_1_132' title='bbox 1177 1262 1181 1302; x_wconf 93' lang='grc' dir='ltr'>Ι</span> 
     </span>
     <span class='ocr_line' id='line_1_19' title="bbox 522 1314 1397 1358; baseline 0.001 -10"><span class='ocrx_word' id='word_1_133' title='bbox 522 1315 594 1349; x_wconf 82' lang='lat' dir='ltr'>Cn·</span> <span class='ocrx_word' id='word_1_134' title='bbox 606 1314 849 1349; x_wconf 89' lang='lat' dir='ltr'>Atellius-Cn</span> <span class='ocrx_word' id='word_1_135' title='bbox 875 1314 891 1348; x_wconf 82' lang='lat' dir='ltr'>f</span> <span class='ocrx_word' id='word_1_136' title='bbox 897 1314 980 1348; x_wconf 91' lang='lat' dir='ltr'>-Pal</span> <span class='ocrx_word' id='word_1_137' title='bbox 997 1318 1001 1356; x_wconf 87' lang='grc' dir='ltr'>Ι</span> <span class='ocrx_word' id='word_1_138' title='bbox 1019 1314 1178 1358; x_wconf 87' lang='lat' dir='ltr'>Longus</span> <span class='ocrx_word' id='word_1_139' title='bbox 1207 1314 1397 1350; x_wconf 89' lang='lat' dir='ltr'>vivos—sib</span> 
     </span>
     <span class='ocr_line' id='line_1_20' title="bbox 190 1362 1378 1415; baseline 0 -10"><span class='ocrx_word' id='word_1_140' title='bbox 190 1370 283 1406; x_wconf 91' lang='lat' dir='ltr'>CIL.</span> <span class='ocrx_word' id='word_1_141' title='bbox 310 1370 361 1405; x_wconf 90' lang='lat' dir='ltr'>III</span> <span class='ocrx_word' id='word_1_142' title='bbox 411 1371 493 1406; x_wconf 86' lang='lat'>560.</span> <span class='ocrx_word' id='word_1_143' title='bbox 521 1362 1179 1414; x_wconf 72' lang='lat' dir='ltr'>M·Antonius-Antoniae.D1·usi-l-1</span> <span class='ocrx_word' id='word_1_144' title='bbox 1197 1370 1378 1415; x_wconf 68' lang='lat' dir='ltr'>Tertius}</span> 
     </span>
     <span class='ocr_line' id='line_1_21' title="bbox 523 1427 1279 1470; baseline 0 -9"><span class='ocrx_word' id='word_1_145' title='bbox 523 1427 668 1470; x_wconf 89' lang='grc' dir='ltr'>Μᾶρκος</span> <span class='ocrx_word' id='word_1_146' title='bbox 693 1427 880 1469; x_wconf 89' lang='grc' dir='ltr'>Ἀντώνιος</span> <span class='ocrx_word' id='word_1_147' title='bbox 904 1427 1047 1469; x_wconf 86' lang='grc' dir='ltr'>Τέρτιος</span> <span class='ocrx_word' id='word_1_148' title='bbox 1066 1429 1070 1468; x_wconf 92' lang='grc' dir='ltr'>Ι</span> <span class='ocrx_word' id='word_1_149' title='bbox 1086 1427 1279 1469; x_wconf 88' lang='grc' dir='ltr'>Παιανιεύς</span> 
     </span>
     <span class='ocr_line' id='line_1_22' title="bbox 191 1480 1129 1525; baseline -0.001 -9"><span class='ocrx_word' id='word_1_150' title='bbox 191 1481 283 1518; x_wconf 93' lang='lat' dir='ltr'>CIL.</span> <span class='ocrx_word' id='word_1_151' title='bbox 312 1481 361 1515; x_wconf 87' lang='grc' dir='ltr'>ΙΙΙ</span> <span class='ocrx_word' id='word_1_152' title='bbox 389 1481 494 1521; x_wconf 83' lang='grc'><strong>7242,</strong></span> <span class='ocrx_word' id='word_1_153' title='bbox 525 1482 558 1525; x_wconf 87' lang='lat' dir='ltr'>Q</span> <span class='ocrx_word' id='word_1_154' title='bbox 586 1482 690 1516; x_wconf 92' lang='lat' dir='ltr'>Avili</span> <span class='ocrx_word' id='word_1_155' title='bbox 709 1481 740 1516; x_wconf 94' lang='lat' dir='ltr'>C</span> <span class='ocrx_word' id='word_1_156' title='bbox 758 1480 774 1515; x_wconf 83' lang='lat' dir='ltr'>f</span> <span class='ocrx_word' id='word_1_157' title='bbox 793 1481 967 1515; x_wconf 84' lang='lat' dir='ltr'>Lanuine</span> <span class='ocrx_word' id='word_1_158' title='bbox 994 1482 1103 1515; x_wconf 89' lang='lat' dir='ltr'>salve</span> <span class='ocrx_word' id='word_1_159' title='bbox 1125 1485 1129 1524; x_wconf 76' lang='grc' dir='ltr'>Ι</span> 
     </span>
    </p>
   </div>
   <div class='ocr_carea' id='block_1_4' title="bbox 527 1537 1475 1583">
    <p class='ocr_par' dir='ltr' id='par_1_4' title="bbox 527 1537 1475 1583">
     <span class='ocr_line' id='line_1_23' title="bbox 527 1537 1475 1583; baseline 0.001 -10"><span class='ocrx_word' id='word_1_160' title='bbox 527 1539 646 1574; x_wconf 86' lang='grc' dir='ltr'>Κόιντε</span> <span class='ocrx_word' id='word_1_161' title='bbox 660 1538 829 1573; x_wconf 84' lang='grc' dir='ltr'>Ἀουίλλιε</span> <span class='ocrx_word' id='word_1_162' title='bbox 845 1539 947 1574; x_wconf 90' lang='grc' dir='ltr'>Γαίου</span> <span class='ocrx_word' id='word_1_163' title='bbox 962 1539 1014 1574; x_wconf 76' lang='grc' dir='ltr'>υἱὲ</span> <span class='ocrx_word' id='word_1_164' title='bbox 1027 1537 1177 1581; x_wconf 86' lang='grc' dir='ltr'>Ῥωμαῖε</span> <span class='ocrx_word' id='word_1_165' title='bbox 1193 1541 1198 1581; x_wconf 95' lang='grc' dir='ltr'>Ι</span> <span class='ocrx_word' id='word_1_166' title='bbox 1219 1540 1350 1582; x_wconf 81' lang='grc' dir='ltr'>χρηστὲ</span> <span class='ocrx_word' id='word_1_167' title='bbox 1376 1542 1475 1583; x_wconf 86' lang='grc' dir='ltr'>χαῖρε</span> 
     </span>
    </p>
   </div>
   <div class='ocr_carea' id='block_1_5' title="bbox 188 1626 1476 2001">
    <p class='ocr_par' dir='ltr' id='par_1_5' title="bbox 188 1626 1476 2001">
     <span class='ocr_line' id='line_1_24' title="bbox 190 1626 1474 1664; baseline 0.001 -2"><span class='ocrx_word' id='word_1_168' title='bbox 190 1627 333 1662; x_wconf 81' lang='lat' dir='ltr'>Confer</span> <span class='ocrx_word' id='word_1_169' title='bbox 359 1628 473 1663; x_wconf 89' lang='lat' dir='ltr'>etiam</span> <span class='ocrx_word' id='word_1_170' title='bbox 501 1627 594 1664; x_wconf 89' lang='lat' dir='ltr'><strong>CIL.</strong></span> <span class='ocrx_word' id='word_1_171' title='bbox 620 1627 658 1662; x_wconf 93' lang='lat' dir='ltr'>X</span> <span class='ocrx_word' id='word_1_172' title='bbox 684 1627 754 1663; x_wconf 88' lang='grc'>388</span> <span class='ocrx_word' id='word_1_173' title='bbox 781 1632 819 1662; x_wconf 91' lang='lat' dir='ltr'>et</span> <span class='ocrx_word' id='word_1_174' title='bbox 845 1626 899 1662; x_wconf 89' lang='lat' dir='ltr'>tit.</span> <span class='ocrx_word' id='word_1_175' title='bbox 927 1627 1124 1664; x_wconf 82' lang='lat' dir='ltr'>Festschr.</span> <span class='ocrx_word' id='word_1_176' title='bbox 1151 1627 1176 1664; x_wconf 90' lang='lat' dir='ltr'>f.</span> <span class='ocrx_word' id='word_1_177' title='bbox 1203 1627 1351 1664; x_wconf 66' lang='lat' dir='ltr'>Hirchft&#39;.</span> <span class='ocrx_word' id='word_1_178' title='bbox 1382 1628 1474 1663; x_wconf 90' lang='grc'>1903</span> 
     </span>
     <span class='ocr_line' id='line_1_25' title="bbox 190 1684 1474 1729; baseline 0 -10"><span class='ocrx_word' id='word_1_179' title='bbox 190 1695 225 1728; x_wconf 90' lang='lat' dir='ltr'>p.</span> <span class='ocrx_word' id='word_1_180' title='bbox 253 1685 336 1720; x_wconf 89' lang='grc'>441.</span> <span class='ocrx_word' id='word_1_181' title='bbox 388 1685 565 1728; x_wconf 89' lang='lat' dir='ltr'>Denique</span> <span class='ocrx_word' id='word_1_182' title='bbox 601 1686 640 1718; x_wconf 93' lang='lat' dir='ltr'>in</span> <span class='ocrx_word' id='word_1_183' title='bbox 672 1684 842 1729; x_wconf 86' lang='lat' dir='ltr'>trilingui</span> <span class='ocrx_word' id='word_1_184' title='bbox 877 1684 1126 1728; x_wconf 90' lang='lat' dir='ltr'>inscriptione</span> <span class='ocrx_word' id='word_1_185' title='bbox 1154 1684 1354 1719; x_wconf 89' lang='lat' dir='ltr'>Sardiniae</span> <span class='ocrx_word' id='word_1_186' title='bbox 1381 1685 1474 1720; x_wconf 90' lang='lat' dir='ltr'>CIL.</span> 
     </span>
     <span class='ocr_line' id='line_1_26' title="bbox 188 1740 1475 1786; baseline 0 -12"><span class='ocrx_word' id='word_1_187' title='bbox 188 1740 226 1774; x_wconf 93' lang='lat' dir='ltr'><strong>X</strong></span> <span class='ocrx_word' id='word_1_188' title='bbox 252 1741 348 1775; x_wconf 86' lang='lat'>7856</span> <span class='ocrx_word' id='word_1_189' title='bbox 386 1741 563 1774; x_wconf 89' lang='lat' dir='ltr'>videmus</span> <span class='ocrx_word' id='word_1_190' title='bbox 602 1750 701 1783; x_wconf 91' lang='lat' dir='ltr'>eum,</span> <span class='ocrx_word' id='word_1_191' title='bbox 741 1740 806 1784; x_wconf 93' lang='lat' dir='ltr'>qui</span> <span class='ocrx_word' id='word_1_192' title='bbox 844 1740 997 1774; x_wconf 90' lang='lat' dir='ltr'>titulum</span> <span class='ocrx_word' id='word_1_193' title='bbox 1021 1740 1261 1786; x_wconf 82' lang='lat' dir='ltr'>conscripsit,</span> <span class='ocrx_word' id='word_1_194' title='bbox 1301 1740 1340 1774; x_wconf 91' lang='lat' dir='ltr'>in</span> <span class='ocrx_word' id='word_1_195' title='bbox 1366 1746 1475 1784; x_wconf 90' lang='lat' dir='ltr'>parte</span> 
     </span>
     <span class='ocr_line' id='line_1_27' title="bbox 189 1795 1476 1832; baseline 0 -1"><span class='ocrx_word' id='word_1_196' title='bbox 189 1796 342 1832; x_wconf 88' lang='lat' dir='ltr'>Graeca</span> <span class='ocrx_word' id='word_1_197' title='bbox 368 1802 406 1831; x_wconf 93' lang='lat' dir='ltr'>et</span> <span class='ocrx_word' id='word_1_198' title='bbox 433 1796 570 1831; x_wconf 88' lang='lat' dir='ltr'>Latina</span> <span class='ocrx_word' id='word_1_199' title='bbox 608 1796 664 1831; x_wconf 92' lang='lat' dir='ltr'>uti</span> <span class='ocrx_word' id='word_1_200' title='bbox 702 1796 854 1831; x_wconf 91' lang='lat' dir='ltr'>nomine</span> <span class='ocrx_word' id='word_1_201' title='bbox 881 1795 1037 1831; x_wconf 92' lang='lat' dir='ltr'>Cleonis</span> <span class='ocrx_word' id='word_1_202' title='bbox 1076 1806 1126 1831; x_wconf 84' lang='lat' dir='ltr'>ex</span> <span class='ocrx_word' id='word_1_203' title='bbox 1165 1796 1364 1832; x_wconf 88' lang='lat' dir='ltr'>servitutis</span> <span class='ocrx_word' id='word_1_204' title='bbox 1391 1807 1476 1831; x_wconf 91' lang='lat' dir='ltr'>con-</span> 
     </span>
     <span class='ocr_line' id='line_1_28' title="bbox 189 1852 1476 1897; baseline 0.001 -11"><span class='ocrx_word' id='word_1_205' title='bbox 189 1853 339 1887; x_wconf 91' lang='lat' dir='ltr'>dicione</span> <span class='ocrx_word' id='word_1_206' title='bbox 358 1858 568 1896; x_wconf 85' lang='lat' dir='ltr'>assumpto,</span> <span class='ocrx_word' id='word_1_207' title='bbox 595 1853 634 1887; x_wconf 92' lang='lat' dir='ltr'>in</span> <span class='ocrx_word' id='word_1_208' title='bbox 660 1853 813 1887; x_wconf 90' lang='lat' dir='ltr'>Punicis</span> <span class='ocrx_word' id='word_1_209' title='bbox 839 1852 928 1887; x_wconf 89' lang='lat' dir='ltr'>huic</span> <span class='ocrx_word' id='word_1_210' title='bbox 955 1853 1167 1896; x_wconf 86' lang='lat' dir='ltr'>adiungere</span> <span class='ocrx_word' id='word_1_211' title='bbox 1194 1853 1413 1897; x_wconf 74' lang='lat' dir='ltr'>lechesgam</span> <span class='ocrx_word' id='word_1_212' title='bbox 1432 1854 1476 1897; x_wconf 65' lang='grc' dir='ltr'>(ἲ)</span> 
     </span>
     <span class='ocr_line' id='line_1_29' title="bbox 188 1907 1473 1953; baseline 0.001 -11"><span class='ocrx_word' id='word_1_213' title='bbox 188 1917 327 1942; x_wconf 89' lang='lat' dir='ltr'>nomen</span> <span class='ocrx_word' id='word_1_214' title='bbox 365 1908 542 1952; x_wconf 79' lang='lat' dir='ltr'>patrium.</span> <span class='ocrx_word' id='word_1_215' title='bbox 611 1907 690 1943; x_wconf 87' lang='lat' dir='ltr'>Iam</span> <span class='ocrx_word' id='word_1_216' title='bbox 733 1908 913 1953; x_wconf 86' lang='lat' dir='ltr'>perlegas</span> <span class='ocrx_word' id='word_1_217' title='bbox 952 1908 1070 1943; x_wconf 91' lang='lat' dir='ltr'>velim</span> <span class='ocrx_word' id='word_1_218' title='bbox 1108 1908 1279 1953; x_wconf 89' lang='lat' dir='ltr'>bilingue</span> <span class='ocrx_word' id='word_1_219' title='bbox 1318 1918 1473 1944; x_wconf 91' lang='lat' dir='ltr'>carmen</span> 
     </span>
     <span class='ocr_line' id='line_1_30' title="bbox 189 1964 887 2001; baseline 0.003 -3"><span class='ocrx_word' id='word_1_220' title='bbox 189 1964 466 1999; x_wconf 88' lang='lat' dir='ltr'>dedicatorium</span> <span class='ocrx_word' id='word_1_221' title='bbox 492 1965 565 2000; x_wconf 92' lang='lat' dir='ltr'>hoc</span> <span class='ocrx_word' id='word_1_222' title='bbox 592 1965 684 2000; x_wconf 91' lang='lat' dir='ltr'>CIL.</span> <span class='ocrx_word' id='word_1_223' title='bbox 711 1965 750 2000; x_wconf 93' lang='lat' dir='ltr'>X</span> <span class='ocrx_word' id='word_1_224' title='bbox 775 1965 887 2001; x_wconf 87' lang='lat'>3812:</span> 
     </span>
    </p>
   </div>
   <div class='ocr_carea' id='block_1_6' title="bbox 597 2050 1028 2311">
    <p class='ocr_par' dir='ltr' id='par_1_6' title="bbox 597 2050 1028 2311">
     <span class='ocr_line' id='line_1_31' title="bbox 598 2050 957 2097; baseline 0.003 -11"><span class='ocrx_word' id='word_1_225' title='bbox 598 2051 783 2097; x_wconf 89' lang='grc' dir='ltr'>Δεσποίνῃ</span> <span class='ocrx_word' id='word_1_226' title='bbox 812 2050 957 2094; x_wconf 86' lang='grc' dir='ltr'>Νεμέσει</span> 
     </span>
     <span class='ocr_line' id='line_1_32' title="bbox 597 2107 1028 2143; baseline 0.002 -1"><span class='ocrx_word' id='word_1_227' title='bbox 597 2108 653 2142; x_wconf 89' lang='grc' dir='ltr'>καὶ</span> <span class='ocrx_word' id='word_1_228' title='bbox 679 2107 866 2143; x_wconf 86' lang='grc' dir='ltr'>συννάοισι</span> <span class='ocrx_word' id='word_1_229' title='bbox 892 2110 1028 2143; x_wconf 88' lang='grc' dir='ltr'>θεοῖσιν</span> 
     </span>
     <span class='ocr_line' id='line_1_33' title="bbox 598 2162 927 2208; baseline 0 -10"><span class='ocrx_word' id='word_1_230' title='bbox 598 2162 781 2207; x_wconf 86' lang='grc' dir='ltr'>Ἀρριανὸς</span> <span class='ocrx_word' id='word_1_231' title='bbox 809 2163 927 2208; x_wconf 89' lang='grc' dir='ltr'>βωμὸν</span> 
     </span>
     <span class='ocr_line' id='line_1_34' title="bbox 600 2219 974 2264; baseline 0.003 -9"><span class='ocrx_word' id='word_1_232' title='bbox 600 2220 701 2256; x_wconf 86' lang='grc' dir='ltr'>τόνδε</span> <span class='ocrx_word' id='word_1_233' title='bbox 709 2219 974 2264; x_wconf 83' lang='grc' dir='ltr'>·καθειδρύσατο</span> 
     </span>
     <span class='ocr_line' id='line_1_35' title="bbox 597 2275 948 2311; baseline 0 -2"><span class='ocrx_word' id='word_1_234' title='bbox 597 2275 770 2311; x_wconf 89' lang='lat' dir='ltr'>Iustitiae</span> <span class='ocrx_word' id='word_1_235' title='bbox 778 2297 785 2303; x_wconf 94' lang='lat'><em>-</em></span> <span class='ocrx_word' id='word_1_236' title='bbox 793 2275 948 2311; x_wconf 89' lang='lat' dir='ltr'>Nemesi</span> 
     </span>
    </p>
   </div>
   <div class='ocr_carea' id='block_1_7' title="bbox 186 2354 419 2360">
    <p class='ocr_par' dir='ltr' id='par_1_7' title="bbox 186 2354 419 2360">
     <span class='ocr_line' id='line_1_36' title="bbox 186 2354 419 2360; baseline 0 0"><span class='ocrx_word' id='word_1_237' title='bbox 186 2354 419 2360; x_wconf 95' lang='lat' dir='ltr'> </span> 
     </span>
    </p>
   </div>
   <div class='ocr_carea' id='block_1_8' title="bbox 307 2406 694 2442">
    <p class='ocr_par' dir='ltr' id='par_1_8' title="bbox 307 2406 694 2442">
     <span class='ocr_line' id='line_1_37' title="bbox 307 2406 694 2442; baseline 0.021 -9"><span class='ocrx_word' id='word_1_238' title='bbox 307 2406 335 2442; x_wconf 85' lang='grc' dir='ltr'>ι)</span> <span class='ocrx_word' id='word_1_239' title='bbox 354 2407 388 2436; x_wconf 79' lang='lat' dir='ltr'>cf.</span> <span class='ocrx_word' id='word_1_240' title='bbox 410 2406 473 2442; x_wconf 75' lang='lat' dir='ltr'>eph.</span> <span class='ocrx_word' id='word_1_241' title='bbox 495 2406 515 2435; x_wconf 92' lang='lat'>1.</span> <span class='ocrx_word' id='word_1_242' title='bbox 537 2407 556 2436; x_wconf 94' lang='lat'>1.</span> <span class='ocrx_word' id='word_1_243' title='bbox 578 2415 607 2442; x_wconf 77' lang='lat' dir='ltr'>p-</span> <span class='ocrx_word' id='word_1_244' title='bbox 628 2413 694 2442; x_wconf 83' lang='lat'><strong>454·</strong></span> 
     </span>
    </p>
   </div>
  </div>
 </body>
</html>
