1655 2789
760 188 877 237 „⁴70
916 224 952 229 -

209 302 350 340 Graeci
376 304 415 339 in
441 303 606 340 Graecis
631 303 775 340 finibus
802 305 1022 349 conscripto
1049 304 1187 340 Latina
1221 303 1378 339 adiecta
1409 303 1500 346 sint,

208 361 257 395 ad
283 370 398 396 usum
424 361 580 405 linguae
599 362 761 396 Latinae
787 362 825 396 in
853 363 973 396 rebus
996 361 1226 396 militaribus
1244 371 1399 397 revoco.
1426 360 1501 404 Qui

207 416 401 462 stipendia
425 416 573 452 faciunt
586 418 625 452 in
639 417 793 462 legione
807 417 993 461 Romana,
1019 417 1176 462 linguae
1190 416 1352 452 Latinae
1366 425 1501 452 omnes

208 474 321 518 periti
347 479 449 516 sunt,
487 480 621 519 utpote
648 484 734 510 cum
762 475 800 509 in
827 485 901 510 usu
919 474 1098 510 'militari'
1118 473 1256 510 Latina*
1282 482 1353 518 per
1377 478 1501 509 totum

208 530 411 574 imperium
438 531 522 565 sola
548 531 852 576 adhibeantur1).
892 531 979 565 Alio
998 530 1392 575 modo‘explicandae
1411 536 1501 565 sunt

209 586 308 621 duae
344 587 501 621 tabulae
537 592 743 622 ventorum
779 587 974 632 bilingues
1011 586 1075 622 IG.
1102 586 1197 621 XIV
1229 587 1301 621 906
1327 593 1366 621 et
1381 600 1382 603 ¹
1397 586 1500 622 1308.

200 642 293 676 'Hae
320 643 423 676 enim
449 648 699 677 monumenta
725 642 815 677 sunt
841 644 956 677 docta
982 648 1098 687 atque
1125 643 1387 686 comparanda
1413 652 1500 677 cum

209 698 441 733 calendariis
468 698 605 733 aliisve
632 699 821 734 eiusmodi
848 699 976 735 rebus.
1028 698 1113 733 Hoc
1139 698 1258 742 igitur
1294 698 1428 733 ordine
1454 698 1499 738 is,

209 755 274 798 qui
313 755 467 789 tabulas
507 755 683 802 confecit,
723 755 879 799 linguas
918 755 1118 799 dispostiit,
1162 755 1253 799 quia
1294 761 1501 789 ventorum

208 810 365 844 tabulae
392 810 548 844 omnino
574 815 664 845 sunt
682 809 870 853 Graecae,
898 819 996 854 quas
1022 809 1185 844 Romani
1211 809 1436 853 simpliciter
1462 810 1501 844 in

208 872 322 900 usum
349 875 462 901 suum
480 867 772 903 transtulerunt.
800 865 947 909 Restat,
973 868 1024 901 'ut‘
1034 865 1287 911 expediamus
1304 865 1500 901 insolitum

208 922 383 957 ordinem
397 922 630 967 linguarum
656 923 850 967 trilinguis
878 923 1116 957 monumenti
1133 933 1157 957 a
1175 921 1358 957 Cornelio·
1374 922 1499 965 Gallo,

208 977 332 1022 primo
371 977 568 1022 praesecto
600 970 783 1022 Aegypti,
825 988 859 1015 a.
886 977 934 1013 29
973 988 1007 1014 a.
1036 978 1125 1013 Chr.
1152 988 1189 1014 n.
1216 977 1336 1012 Philis
1373 978 1500 1024 positi,

208 1031 303 1070 ClL.
329 1033 381 1068 III
412 1034 550 1068 14147⁵
577 1034 843 1080 (Hieroglyph.
863 1035 948 1071 Lat.
964 1035 1130 1079 Graec.).
1158 1035 1282 1078 Quem
1296 1034 1500 1069 referimus

208 1090 257 1124 ad
284 1089 473 1134 originem
500 1090 773 1134 inscriptionis.
800 1091 1009 1134 Aegyptus
1036 1091 1138 1124 enim
1161 1094 1206 1125 -ut
1233 1091 1304 1125 sub
1332 1090 1500 1125 dominio

208 1147 383 1182 Romano
424 1147 463 1182 in
501 1148 619 1183 rebus
658 1147 974 1183 administrandis
1013 1147 1155 1183 mansit
1182 1147 1241 1182 sui
1267 1147 1408 1189 iuris²),
1447 1147 1501 1182 ita

208 1204 325 1239 etiam
352 1205 517 1238 eundem
546 1202 967 1248 ordinem-³linguarum
982 1209 1109 1248 'atque
1136 1205 1174 1238 in
1201 1214 1322 1248 regno
1337 1204 1500 1247 Lagida-

206 1263 296 1295 'rum
321 1260 525 1306 retinuit³).
578 1260 638 1295 Ac
665 1261 754 1295 licet
791 1270 920 1295 sermo
957 1260 1141 1304 publicus*
1170 1259 1286 1294 fuerit
1313 1260 1500 1303 Graecus,

208 1321 339 1352 tamen
365 1318 485 1351 multo
513 1317 635 1352 maior
661 1322 744 1352 erat
771 1316 984 1351 auctoritas
1011 1317 1280 1361 indigenarum
1298 1316 1500 1352 sermonis.

208 1374 338 1416 Quare
365 1372 587 1406 Cornelium
616 1373 783 1414 Gallum,
821 1373 949 1406 virum
976 1371 1204 1417 Romanum,
1244 1372 1380 1406 laudes
1407 1381 1500 1406 suas

207 1421 381 1473 trilingui
420 1433 669 1463 monumento
709 1428 930 1463 hominibus
971 1427 1215 1472 Aegyptiace
1254 1428 1500 1472 loquentibus

206 1485 522 1529 praedicaturum
573 1485 843 1529 indigenarum
894 1486 1063 1519 sermoni
1107 1494 1329 1528 supremum
1373 1486 1500 1519 locum

208 1538 412 1585 assignare
439 1541 594 1575 minime
623 1542 816 1577 miramur.
868 1540 916 1575 Et
943 1541 1044 1574 idern
1072 1546 1132 1574 est
1159 1541 1253 1575 ordo
1280 1541 1500 1584 linguarum

208 1602 324 1642 atque
357 1597 396 1632 in
428 1598 570 1632 ceteris
602 1597 723 1632 titulis
755 1597 839 1632 Sive
872 1596 1109 1642 bilinguibus
1138 1597 1226 1632 sive
1252 1597 1500 1641 trilinguibus

208 1654 257 1688 ad
289 1659 457 1688 aetatem
485 1653 720 1697 Lagidarum
756 1653 1019 1696 redeuntibus,
1059 1653 1098 1688 in
1132 1654 1272 1697 quibus
1300 1654 1500 1697 Hierogly-

207 1711 321 1755 phica
349 1720 504 1753 semper
531 1711 657 1745 locum
684 1714 817 1744 tenent
844 1711 1012 1753 priorem
1022 1714 1060 1754 ⁴).
1099 1710 1187 1744 Alia
1205 1720 1268 1744 res
1287 1714 1357 1752 est,
1385 1710 1500 1754 quod-

207 1776 298 1802 nam
324 1766 375 1802 sit
401 1767 656 1811 archetypum
683 1766 797 1801 huius
824 1766 923 1801 tituli
949 1765 1151 1810 trilinguis.
1181 1766 1307 1810 Supra
1331 1776 1367 1811 p.
1380 1766 1427 1801 62
1442 1776 1500 1811 sq.

208 1832 298 1858 cum
336 1823 384 1857 de
423 1822 671 1867 trilinguibus
706 1823 833 1857 rtitulis
873 1822 1079 1866 egerimus,
1120 1823 1325 1857 statuimus
1364 1832 1499 1857 omnes

207 1879 426 1914 huiusmodi
454 1878 725 1922 inscriptiones
752 1878 979 1913 referendas
1012 1888 1100 1913 esse
1126 1878 1176 1913 ad
1202 1878 1392 1923 originem
1417 1878 1499 1913 bar-

207 1936 355 1972 baram.
407 1935 467 1970 Ex
494 1935 634 1980 quibus
661 1944 730 1969 cur
756 1935 859 1969 hunc
897 1935 1049 1969 titulum
1075 1935 1307 1981 exceperim,
1345 1935 1499 1970 iamiam

330 2027 413 2064 1)cf.
445 2027 500 2056 Th.
522 2028 696 2063 Mommsen,
728 2028 856 2054 Hermae
882 2027 963 2053 XIX
993 2036 1021 2063 p.
1045 2033 1095 2059 223
1128 2027 1194 2063 eph.
1227 2035 1272 2063 ep.
1293 2027 1352 2054 VII
1382 2036 1409 2063 p.
1431 2027 1498 2062 467.

207 2075 242 2102 L.
263 2074 363 2110 Halm,
394 2075 474 2100 Rom
506 2074 565 2100 und
588 2074 796 2101 Romanismus
827 2073 864 2100 im
891 2073 1231 2107 griechisch-rfimischen
1252 2074 1352 2108 Osten,
1386 2074 1500 2109 Lipsiae

212 2120 285 2154 1906
307 2129 334 2156 p.
358 2127 414 2154 214
427 2129 481 2156 sqq
503 2131 509 2155 ;
541 2121 625 2152 idern,
658 2121 728 2147 Zum
749 2119 1000 2156 Sprachenkampf
1018 2120 1057 2147 im
1079 2120 1150 2148 rom.
1172 2120 1272 2148 Reich
1303 2120 1349 2147 bis
1371 2120 1421 2147 auf
1450 2120 1499 2147 die

209 2168 272 2195 Zeit
292 2167 461 2203 Justinians‚
483 2166 597 2202 Lipsiae
623 2172 695 2200 1907
717 2175 746 2202 p.
769 2165 825 2201 685
839 2174 902 2202 sqq.

327 2213 358 2250 2)
379 2213 415 2240 cs.
439 2213 564 2249 exempli
584 2213 675 2248 gratia
688 2213 743 2242 Th.
756 2214 928 2249 Mommsen,
950 2213 1038 2242 Rom.
1060 2213 1230 2241 Geschichte
1250 2214 1279 2240 V
1299 2222 1329 2249 p.
1344 2220 1397 2249 553
1412 2221 1499 2250 sqq.;

209 2261 245 2290 O.
266 2260 445 2296 Hirschfeld,
477 2260 535 2287 Die
566 2260 680 2288 kaiserl.
707 2259 1049 2294 Verwaltungsbeamten
1080 2260 1126 2287 bis
1158 2261 1206 2287 aui
1228 2260 1392 2287 Diocletian
1425 2265 1497 2295 1905

208 2317 236 2344 P·
258 2314 313 2343 ³43
328 2316 393 2344 sqq·
642 2336 644 2339 -

326 2354 358 2390 3)
378 2354 542 2381 Mommsen
563 2353 583 2382 l.
605 2354 624 2382 l.
646 2363 674 2390 p.
698 2354 752 2388 563
766 2362 809 2389 sq.

327 2401 356 2435 4)
378 2401 413 2428 cf.
435 2405 487 2428 act.
511 2400 590 2428 acad.
613 2400 742 2427 Berolin.
767 2400 841 2434 1896
864 2408 892 2436 p.
914 2405 971 2434 477
995 2400 1098 2429 adnot.
1119 2406 1146 2427 2.
