1655 2789
635 221 886 254 —75-'

33 308 39 347 Ῐ
90 326 336 362 Praenumen‘
345 322 495 365 Μᾶρκον
515 321 830 365 perscribendum
846 331 973 366 neque
991 320 1154 355 formam
1174 321 1372 356 abbrevia-

90 379 175 417 tam
185 377 506 422 ponendamesse
519 377 707 419 impr-imis
720 377 1114 420 indicatpraenomen
1129 377 1186 412 Ti.
1201 377 1307 411 initio
1321 377 1373 410 in-

26 479 32 483 ..
90 432 498 479 scriptionis‘Graecae
514 432 628 476 plene
647 432 848 480 scriptum;
867 437 1071 476 praeterea
1085 432 1375 467 commendatur

89 494 145 536 iis,
172 498 272 536 quae
298 489 346 524 de
372 488 664 533 praenominum
682 488 911 524 Latinorum
937 489 976 524 in
995 488 1157 523 Graecis
1184 489 1374 533 inscripti-

93 548 229 583 onibus
255 545 526 588 formasupra
552 554 587 588 p.
612 546 654 578 17
676 546 860 589 'exposui3
904 555 995 579 nam
1028 545 1162 579 titulus
1199 551 1257 580 est
1284 551 1376 579 tem-

90 602 193 651 poris
219 601 315 637 satis
331 599 500 645 antiqui,
527 600 616 635 anni
644 600 694 635 50
718 606 758 645 ·p.
786 601 874 638 Chr.
901 610 939 637 n.
991 600 1071 635 Iam
1110 610 1204 635 vero
1244 600 1375 635 dubito

91 661 137 695 de
163 658 348 701 suppieto‘
366 657 615 700 cognomine,
640 657 680 690 in
702 659 782 700 ‘quo
817 664 878 691 me
892 657 1104 691 'offendunt
1130 657 1280 692 litterae
1307 657 1377 692 La-

91 716 196 751 tinae
234 712 320 757 ‘qui’
344 711 614 756 'transcriptae
657 719 745 756 per.
766 712 939 747 Graecas
973 722 1066 748 κουι;
1122 713 1304 757 Aquilam
1329 734 1376 739 —-

91 769 308 820 [Ἆκουίλαν].
360 768 460 803 Nam
486 768 643 804 etiamsi
662 768 754 813 ‘qui’
775 769 884 804 varie
902 774 1029 813 potest
1047 769 1260 813 transferri,
1287 781 1376 815 κουι,

90 840 194 872 κουει,
221 838 296 872 κου,
323 838 389 871 κοι,
416 828 500 871 toci,
527 835 603 868 κοιι,
637 837 691 870 κο,
722 838 793 871 κυι,·
822 837 905 868 κυει,
938 837 991 871 κυ,
1026 838 1069 870 xi,
1109 831 1225 869 atque
1250 826 1290 860 in
1317 825 1377 860 his

92 881 319 917 rationibus
346 881 539 915 scribendi
581 886 658 917 κουι
698 891 775 915 non
818 886 923 916 tenet
961 887 1199 925 postremum
1238 883 1376 929 locum,

90 945 228 975 tamen‘
259 937 353 972 inud
389 945 606 982 cognomen
646 937 684 971 in
721 937 841 972 titulis
878 937 1060 973 scribitur
1097 943 1164 972 aut
1201 939 1303 974 Ἀκυλ
1332 958 1375 965 -

94 995 314 1030 constanter
340 993 420 1028 fere
430 996 467 1037 ¹),
494 998 561 1028 aut
585 995 702 1030 Ἀκυιλ
733 1015 787 1039 —,
814 993 906 1029 CIL.
933 995 992 1028 111⁷
1008 994 1116 1036 6983,
1145 993 1238 1030 CIG.
1268 994 1374 1036 7142,

93 1052 183 1094 Pap.
211 1050 255 1084 of
277 1049 362 1085 Am.
390 1059 443 1085 se.
475 1049 567 1084 1885
593 1049 706 1092 LXX,
746 1049 841 1085 CIG.
868 1049 955 1083 add.
973 1049 1125 1095 41501),
1154 1059 1374 1093 numquam

94 1112 220 1143 autem
243 1107 386 1143 Ἀκουιλ
417 1127 468 1141 —-.
498 1106 671 1150 Accedit,
699 1105 803 1151 quod
841 1110 879 1140 et
915 1105 954 1139 in
991 1105 1169 1151 chartis2)
1208 1111 1247 1140 et
1273 1106 1376 1151 apud

91 1164 331 1207 scriptoress)
370 1173 418 1196 ne
453 1164 573 1197 semel
612 1163 767 1206 quidem
805 1162 970 1197 traditur
1008 1163 1105 1197 haec
1131 1163 1266 1205 forma,
1306 1164 1375 1198 sed

93 1228 244 1263 semper
286 1219 388 1255 Ἀκυλ
416 1239 473 1255 -.
525 1217 624 1252 Huic
650 1217 707 1252 rei
732 1227 809 1252 non
836 1217 1045 1252 convenire
1083 1218 1245 1252 miratus
1276 1227 1374 1265 sum,

91 1275 190 1319 quod
218 1280 364 1319 ponunt
389 1275 463 1309 viri
490 1274 603 1310 docti.
654 1273 754 1309 Nam
771 1279 926 1318 praeter
952 1279 1127 1309 nostrum
1154 1275 1374 1318 exemplum

90 1330 202 1364 video
221 1330 502 1364 Mommsenum
521 1330 611 1365 CIL.
627 1330 760 1364 111346
779 1339 944 1372 eumque
963 1335 1137 1364 secutum
1157 1331 1374 1373 Cagnatum

90 1386 186 1422 IGR.
205 1387 254 1421 III
277 1386 320 1422 15
347 1386 484 1421 eodem
509 1385 624 1420 modo
651 1385 855 1420 erravisse.
909 1385 1009 1429 Quin
1029 1385 1145 1420 etiam
1167 1385 1374 1432 Eckinger,

90 1452 202 1485 quem
239 1443 279 1476 in
310 1443 452 1477 talibus
494 1443 610 1477 rebus
653 1442 759 1476 adire
802 1443 973 1477 solemus
1017 1447 1133 1486 atque
1177 1442 1375 1486 debemus,

90 1499 265 1542 peccavit
303 1499 410 1534 hisce
436 1498 567 1533 verbis
610 1507 704 1533 usus
747 1499 770 1534 1.
802 1499 825 1533 1.
853 1508 888 1542 p.
919 1497 1009 1534 122:
1053 1498 1147 1535 ‘xour
1189 1499 1250 1533 fflr
1293 1500 1374 1543 qui:

89 1557 267 1599 Ἀκουίλας
296 1555 405 1599 (CIG.
433 1555 528 1590 3743
555 1564 627 1590 aus
653 1554 871 1601 Bithynien,
916 1555 1010 1601 12ΙΧ
1036 1555 1084 1591 58
1109 1566 1145 1592 n.
1174 1556 1277 1597 Chr„
1313 1556 1375 1590 ein

89 1620 188 1654 ganz
213 1611 469 1658 vereinzelter
494 1611 590 1655 Fall,
617 1611 668 1645 da
694 1616 804 1645 sonst
829 1610 971 1655 Aquila
998 1612 1256 1655 regelmassig
1280 1613 1375 1647 Ἀκύ-

90 1670 153 1712 λας
179 1668 377 1713 heisst)’⁴).
414 1667 512 1703 Nam
539 1668 613 1703 hoc
640 1668 871 1712 exemplum,
898 1667 1001 1713 quod
1027 1677 1146 1703 unum
1172 1668 1284 1704 affert
1317 1668 1377 1703 vir

91 1723 236 1767 doctus,
276 1725 371 1759 nihil
409 1725 512 1759 aliud
540 1730 600 1760 est
627 1725 702 1759 nisi
741 1726 1052 1769 supplementum
1078 1725 1263 1760 Boeckhii
1302 1725 1376 1759 edi-

89 1780 193 1817 toris.
245 1780 323 1816 Sed
365 1791 436 1816 nos
479 1781 693 1825 scripturae
737 1790 890 1816 errores
929 1786 1134 1816 narrantes
1172 1781 1264 1826 quid
1302 1780 1375 1825 ipsi

208 1946 234 1981 1)
254 1946 309 1976 Th.
320 1946 473 1981 Eckinger,
495 1946 551 1973 Die
562 1946 778 1983 Orthographie
798 1945 984 1974 lateinischer
995 1946 1114 1974 Wiirter
1134 1946 1163 1974 in
1178 1946 1373 1982 griechischen

88 1992 268 2029 Inschristen,
289 1993 439 2021 Monachii
465 1993 536 2026 1892
558 2002 585 2028 p.
612 2000 665 2028 123
686 1997 817 2020 numerat
837 1993 956 2028 triginta
976 1997 1110 2029 quattuor
1131 1993 1272 2030 exempla,
1303 2002 1374 2029 quae

89 2043 166 2065 certe
185 2048 261 2066 nunc
281 2043 405 2075 possunt
424 2040 530 2073 augeri.

210 2087 239 2121 2)
259 2086 294 2115 cf.
316 2087 349 2115 C.
371 2086 521 2122 Wessely,
552 2086 610 2113 Die
634 2086 731 2114 latein.
753 2086 905 2114 Elemente
925 2087 956 2113 in
977 2087 1030 2114 der
1050 2087 1179 2114 Grizitfit
1209 2087 1260 2114 der
1289 2088 1374 2122 agyp·

91 2130 202 2159 tischen
213 2133 497 2169 Papyrusurkunden
508 2133 538 2159 11
554 2132 776 2169 Orthographie,
788 2133 911 2160 Wiener
923 2133 1045 2161 Studien
1056 2134 1152 2161 XXV
1165 2133 1265 2168 (1903)
1286 2142 1313 2169 p.
1326 2139 1374 2167 70.

206 2178 236 2215 3)
260 2179 296 2207 cf.
317 2179 368 2207 W.
391 2179 596 2213 Dittenberger
616 2179 647 2205 in
668 2180 791 2206 Hermae
814 2180 857 2206 VI
876 2179 980 2215 (1872)
1008 2189 1036 2216 p.
1058 2187 1130 2216 3003
1163 2181 1196 2208 C.
1217 2179 1374 2215 Dieterich,

89 2223 263 2253 Untersuch.
285 2235 335 2253 zur
356 2225 533 2253 Geschichte
555 2226 607 2252 der
629 2226 735 2260 griech.
758 2226 893 2262 Sprache,
916 2227 1035 2263 Lipsiae
1061 2226 1133 2260 1898
1166 2229 1212 2260 (=
1235 2227 1297 2261 byz.
1319 2227 1374 2253 Ar—

89 2269 151 2295 chiv
173 2271 199 2305 I)
221 2280 249 2307 p,
272 2272 319 2306 83.

206 2317 236 2352 4)
259 2318 331 2345 Cum
352 2318 514 2352 Eckingero
536 2318 699 2345 consentire
719 2319 834 2345 videtur
850 2319 911 2354 Jul.
932 2319 1047 2355 Miiller,
1081 2320 1128 2346 De
1148 2319 1252 2345 litteris
1273 2319 1283 2345 i
1305 2322 1334 2345 et
1354 2326 1373 2345 u

88 2360 198 2390 Latinis
219 2365 368 2399 quomodo
389 2374 406 2392 a
427 2365 544 2392 Graecis
565 2365 596 2392 in
616 2365 791 2402 transcriptis
812 2366 1014 2397 Romanorum
1033 2366 1199 2393 nominibus
1221 2373 1372 2401 expressae

89 2406 153 2436 sint.
175 2409 254 2438 Diu.
276 2411 415 2445 Marburg
439 2411 512 2444 1898
533 2419 561 2446 p.
584 2412 619 2446 56
632 2420 695 2447 sqq.
