1655 2789
738 227 931 256 —G3v—

191 330 332 369 partes,
360 326 567 360 barbaram
592 325 631 359 in
657 325 763 359 nullo
789 324 966 359 videmus
993 333 1079 359 esse
1106 325 1335 369 breviorem,
1360 325 1478 370 pleni-

191 391 297 416 orem
323 386 452 416 autem
484 391 600 425 quam
626 381 766 415 Latina
792 380 945 415 Graeca
982 380 1020 414 in
1059 381 1182 425 primo
1221 383 1399 426 exemplo
1439 387 1477 416 et

191 437 362 472 secundo
405 442 443 471 et
485 436 610 472 tertio.
678 436 808 481 Atque
851 436 924 470 hoc
967 436 1015 470 ad
1059 437 1245 481 originem
1279 438 1476 472 titulorum

191 493 406 530 referimus.
469 493 544 537 Qui
585 492 856 537 inscriptiones
898 493 1101 537 trilingues
1136 499 1358 537 posuerunt,
1400 504 1477 528 non

191 550 332 584 Graeci
358 555 448 584 sunt
474 550 538 583 vel
563 549 738 595 Romani,
778 550 848 584 sed
880 549 1056 584 homines
1091 545 1261 586 barbari.
1314 550 1412 585 Nam
1438 556 1477 585 et

191 598 332 641 Graeci
359 611 397 640 et
423 604 587 648 Romani
611 604 829 650 peregrinis
856 606 999 651 linguis
1017 604 1181 640 'studere
1218 606 1476 650 dedignaban-

191 666 300 699 tui-¹).
354 658 515 709 'Audias
547 659 667 697 'velim
695 658 1096 708 J,'Gi1demeisterum
1131 663 1178 697 de
1218 663 1388 707 trilingui
1426 663 1478 697 in-

191 715 399 762 scriptione
426 718 627 754 Sardiniae
653 719 909 754 disserentem
935 719 1013 754 sic:
1052 719 1117 754 ‘So
1144 720 1222 753 viel
1260 720 1357 754 lasst
1396 720 1479 754 sich

191 775 294 809 wohl
320 775 388 808 mit
415 768 649 819 Gewisslreit
688 775 915 818 annehmen,
946 775 1049 817 Vdass
1073 775 1168 820 der,
1208 775 1379 809 welcher
1417 775 1478 809 die

190 825 371 866 Inschrift
397 835 529 875 setzte,
570 828 698 866 seiner
723 827 975 882 Nationalitat
1013 831 1114 867 nach
1153 831 1286 866 weder
1313 831 1478 866 Grieche

191 887 291 921 noch
317 887 460 921 Romer
487 897 578 923 war.
629 888 713 933 Ein
728 889 894 932 solcher
906 889 1014 922 hatte
1040 898 1114 922 nur
1140 888 1262 922 durch
1288 897 1388 931 ganz
1415 882 1480 921 be-

190 942 355 977 sondere
370 941 583 977 Umstande
598 931 818 990 veranlasst
836 944 921 978 ein'e
939 943 1192 979 barbarische
1208 937 1480 995 Ubersetzung

192 996 415 1044 beigeftigt,
440 1000 519 1035 und
544 1000 582 1035 in
609 999 678 1035 der
704 1000 778 1035 Tat
793 997 853 1035 ist
879 1001 982 1036 wohl
1008 1006 1121 1036 unter
1158 1001 1232 1039 den
1259 992 1480 1036 bekannten

192 1056 434 1105 Inschriften,
478 1058 627 1091 welche
671 1057 756 1102 eine
798 1058 1013 1106 klassische
1052 1054 1225 1102 Sp‘rache
1264 1059 1333 1092 mit
1372 1054 1480 1093 einer

192 1113 439 1148 semitischen
467 1114 691 1158 verbinden‚
717 1114 840 1158 keine,
880 1115 941 1149 die
966 1104 1072 1150 nicht
1110 1115 1178 1150 auf
1215 1116 1327 1150 einen
1366 1116 1476 1150 semi·

192 1170 339 1205 tischen
367 1170 542 1204 Urheber
574 1161 896 1215 zuriickgeftihit
915 1172 1073 1206 werden
1112 1174 1307 1207 musste’²)-
1368 1172 1477 1206 Haec

193 1226 383 1262 sententia
409 1236 524 1271 quam
551 1219 656 1262 recte
683 1237 726 1262 se
752 1227 904 1271 habeat,
938 1220 1102 1272 singulis
1129 1227 1244 1263 etiam
1273 1220 1477 1263 >titulorum

192 1288 411 1317 nostrorum
444 1283 617 1327 partibus
643 1284 743 1318 inter
769 1294 812 1318 se
839 1285 1072 1328 comparatis
1112 1284 1265 1319 abunde
1306 1294 1478 1328 compro-

192 1340 316 1375 batur.
368 1338 501 1383 Neque
529 1339 629 1374 enim
657 1341 781 1374 solum
808 1350 902 1375 casu
940 1339 1086 1374 factum
1121 1346 1191 1384 est,
1231 1346 1273 1375 ut
1312 1341 1479 1375 barbara

192 1405 283 1439 pars
310 1396 347 1430 in
374 1397 497 1440 primo
525 1401 563 1431 et
589 1397 758 1431 secundo
786 1402 824 1431 et
850 1398 963 1431 tertio
990 1398 1101 1431 titulo
1128 1397 1277 1442 plenior
1295 1398 1344 1432 sit
1364 1407 1478 1442 quam

193 1452 329 1487 Latina
357 1453 519 1500 Graeca,
548 1459 750 1497 praeterea
776 1454 815 1488 in
842 1454 1013 1488 secundo
1039 1459 1078 1489 et
1104 1455 1217 1490 tertio
1245 1455 1411 1499 itemque
1439 1455 1478 1488 in

193 1514 310 1544 sexto·
336 1510 488 1553 temp‘us
525 1509 707 1544 definitur
743 1510 793 1544 ad
830 1520 960 1545 aeram
1005 1511 1182 1554 alienam,
1225 1511 1279 1556 (in
1318 1510 1391 1545 hoc
1430 1511 1479 1545 ad

192 1576 324 1601 aeram
342 1566 642 1610 Seleucidarum,
669 1567 706 1601 in
734 1567 808 1601 illis
835 1567 884 1601 ad
911 1566 1080 1602 sufetum
1098 1567 1285 1613 nomina);
1314 1567 1478 1611 denique

192 1623 230 1656 in
258 1627 395 1666 quarto
422 1627 460 1656 et
491 1623 624 1666 quinto
662 1623 761 1657 ratio
799 1623 997 1657 nominum
1039 1624 1154 1666 plane
1198 1628 1257 1657 est
1299 1624 1477 1660 barbara.

193 1678 468 1712 Additamenta
520 1678 638 1722 igitur
687 1678 911 1721 simpliciter
961 1679 1049 1712 inde
1098 1679 1328 1723 explicanda
1378 1684 1477 1719 sunt,

192 1735 295 1778 quod
322 1735 566 1769 accuratiora
591 1741 850 1769 narraverunt
875 1736 1052 1770 homines
1069 1736 1234 1784 ‘barbari
1269 1737 1393 1779 patrio
1419 1736 1477 1769 usi

193 1800 382 1826 sermone.

801 1928 866 1963 IV.

544 2018 618 2058 De
650 2018 811 2058 ordine
842 2017 1120 2069 linguarum.

312 2102 473 2146 Egimus
500 2102 547 2136 de
578 2102 892 2146 inscriptionibus
933 2101 1180 2146 bilinguibus,
1222 2107 1413 2147 quatenus
1439 2102 1477 2136 in

194 2164 376 2193 contextu
397 2159 606 2202 discedant,
634 2159 711 2193 iam
737 2159 785 2193 de
812 2163 973 2192 externa
998 2158 1124 2193 forma
1149 2168 1274 2202 pauca
1292 2158 1478 2193 dicamus.

193 2214 310 2249 Tituli
336 2215 458 2249 nostri
477 2215 584 2249 varie
603 2220 692 2249 sunt
710 2214 886 2258 dispositi
904 2214 968 2258 ita,
996 2219 1038 2248 ut
1059 2220 1097 2248 et
1114 2214 1252 2249 Latina
1271 2219 1309 2248 et
1327 2213 1478 2248 Graeca

193 2271 379 2315 inscripta
404 2271 550 2306 habeas
568 2277 635 2306 aut
654 2271 862 2314 separatim
877 2271 1042 2314 singulis
1061 2272 1203 2306 tabulis
1222 2275 1288 2305 aut
1306 2270 1478 2305 eiusdem

317 2372 342 2404 1)
363 2371 397 2397 cf.
420 2370 553 2401 Norden,
574 2371 760 2405 Kunstprosa
780 2378 809 2406 p.
832 2375 898 2404 593.

311 2418 340 2451 2)
362 2417 456 2444 Musei
469 2416 575 2456 ⁸Rhen.
598 2416 656 2445 vol.
678 2417 743 2443 XX
765 2416 865 2451 (1865)
886 2426 915 2452 p.
940 2423 983 2443 11.
