1655 2789
733 251 925 283 ,53-

188 351 235 395 (e.
254 349 322 385 180
348 359 382 386 a.
398 348 515 392 Chr.),
546 348 684 384 14203⁵
708 348 769 394 (II.
796 349 943 385 saeculi
968 359 1001 384 a.
1022 348 1137 394 Chr.),
1165 349 1258 386 CIL.
1278 349 1333 384 VI
1350 349 1471 386 30922

188 405 346 441 Sullana
372 410 501 440 aetate
527 405 687 449 originis
714 404 900 449 Graecae,
927 405 1075 440 scilicet
1098 416 1121 440 a
1139 416 1232 450 rege
1250 406 1471 450 Mithridate

188 471 350 505 consen,
383 461 475 498 CIL.
503 461 556 496 IX
584 461 631 496 48
657 461 790 496 nescio
816 461 926 496 cuius
952 461 1102 504 aetatis,
1128 462 1293 497 hominis
1319 462 1471 506 Graeci,

188 518 282 554 CIL.
294 517 345 552 III
361 518 477 552 12277
504 523 571 552 aut
596 518 644 552 84
670 528 704 556 a.
720 518 810 554 Chr.
837 523 904 553 aut
929 523 1067 562 postea
1091 519 1236 553 homini
1249 519 1423 554 Romano
1449 529 1473 553 a

191 573 353 609 Graecis
380 583 541 615 conscr„
568 573 808 608 Graecorum
825 574 981 609 nomina
999 584 1086 609 cum
1105 580 1264 610 careant
1283 576 1472 610 vocabulo

188 631 276 674 υἱός,
302 630 458 674 ponitur
471 630 509 664 in
523 630 780 674 appellatione
798 630 962 665 hominis
977 631 1150 674 Romani,
1178 631 1271 667 CIL.
1288 631 1337 666 ΙΙΙ
1353 631 1423 666 494
1437 641 1471 667 a.

192 686 333 721 18—12
359 696 393 722 a.
422 686 509 721 Chr.
539 687 636 721 civis
663 686 836 729 Romani,
863 697 885 722 e
911 687 1070 731 regione
1088 687 1252 724 Graeca.
1299 687 1472 723 Graecos

187 742 373 785 homines,
400 742 439 776 si.
459 743 610 777 titulum
636 742 847 787 bilinguem
872 750 1030 787 ponunt,
1057 743 1093 777 in
1121 744 1324 787 propatulo
1351 748 1410 777 est
1435 743 1470 777 in

188 807 259 833 sua
295 797 466 842 ipsorum
502 799 758 843 appellatione
785 808 931 834 morem
967 804 1122 834 secutos
1148 808 1254 834 mere
1281 799 1473 834 Graecum

187 853 256 889 filii
292 854 564 889 indicationem
602 855 743 890 efferre
779 866 849 900 per
885 857 1009 891 solum
1048 856 1283 900 genetivum.
1346 856 1474 899 Quare

188 920 249 944 me
276 909 437 944 offendit
467 911 506 945 in
523 911 633 945 titulo
660 921 779 955 supra
805 912 921 946 citato
949 912 1042 948 CIL.
1059 910 1364 947 V130922=1G.
1380 910 1471 945 XIV

187 977 223 1011 p.
252 966 572 1004 695—96=IGR.
593 967 615 1002 vI
641 967 1017 1012 62=Dittenberger
1043 978 1087 1002 or
1125 968 1190 1002 Gr.
1219 967 1333 1003 inser.
1361 966 1377 1001 1
1403 966 1474 1002 375

188 1022 377 1056 editorum
403 1024 713 1066 supplementum
739 1026 815 1067 υἱός
852 1035 888 1060 v.
915 1025 948 1067 6,
986 1024 1088 1068 quod
1114 1023 1350 1057 reiciendum
1387 1032 1474 1057 esse

188 1083 350 1122 apparet
392 1078 508 1113 etiam
552 1089 601 1113 ex
646 1090 681 1120 v.
709 1081 741 1122 9,
785 1080 850 1115 ubi
894 1080 1058 1124 simplex
1084 1079 1291 1124 genetivus
1334 1078 1475 1123 legitur

189 1135 417 1182 [Ναιμ]ἀνους
443 1139 507 1172 τοῦ
535 1137 753 1182 Ναιμάνους;
781 1138 907 1172 locum
933 1137 987 1171 ita
1013 1137 1168 1173 sanavi:
1196 1163 1204 1171 .
1234 1164 1242 1172 .
1270 1164 1278 1172 .
1306 1136 1475 1172 Φιλάδελ-

188 1204 259 1236 φος
280 1192 283 1231 Ι
304 1192 422 1238 [ὁτοῦ
450 1186 624 1237 βασιλέως
651 1221 660 1230 .
688 1222 695 1229 .
725 1222 745 1240 .‚
772 1193 809 1228 id
836 1193 937 1238 quod
965 1193 1075 1228 vides
1101 1194 1226 1237 spatio
1254 1202 1330 1226 non
1349 1192 1475 1227 minus

188 1249 521 1284 accommodatum
560 1260 647 1285 esse
674 1251 789 1295 quarn
815 1252 902 1296 υἱός,
942 1252 1010 1285 sed
1038 1249 1266 1284 satisfacere
1293 1249 1474 1285 sermoni.

190 1305 307 1339 Cives
343 1311 473 1340 autem
499 1306 661 1341 Romani
688 1307 839 1342 Graece
873 1307 1089 1342 scribentes
1115 1307 1148 1341 si
1174 1310 1325 1350 patrem
1361 1314 1475 1340 enun-

189 1363 297 1406 tiant,
323 1362 393 1397 filii
419 1364 573 1408 signum
600 1374 834 1409 quamquam
859 1374 935 1399 non
963 1364 1017 1398 ita
1034 1373 1123 1398 raro
1142 1363 1332 1408 omittunt,
1359 1364 1474 1406 longe

187 1419 427 1462 frequentius
470 1420 694 1455 adscribunt
736 1426 774 1454 et
816 1421 1091 1464 imperatorum
1131 1424 1258 1453 aetate
1298 1419 1474 1453 Graecae

189 1474 347 1509 rationis
362 1476 555 1511 scribendi
581 1477 758 1521 exempla
783 1476 971 1511 habemus
985 1485 1182 1521 perpauca
1192 1477 1229 1519 ¹).
1255 1475 1364 1519 Quae
1383 1483 1471 1509 cum

188 1531 242 1566 ita
268 1531 354 1576 sint,
382 1532 420 1567 in
446 1533 556 1568 titulo
583 1533 744 1578 bilingui
770 1533 863 1570 CIL.
890 1533 940 1568 111
960 1533 1052 1568 7241
1074 1533 1223 1578 (=eph.
1240 1542 1298 1576 ep.
1315 1532 1352 1567 V
1368 1531 1476 1575 1422)

188 1588 425 1623 restituendo
470 1599 547 1623 non
595 1595 753 1624 secutus
801 1599 888 1624 sum
937 1590 1124 1632 editores,
1176 1589 1241 1632 qui
1278 1588 1471 1622 omittunt

188 1644 422 1680 vocabulum
448 1646 524 1690 υἱός
552 1656 599 1681 ea
637 1645 684 1681 de
723 1655 842 1681 causa
880 1645 1027 1692 opinor,
1073 1645 1176 1690 quod
1215 1644 1279 1689 qui
1306 1649 1472 1680 statuam

189 1701 350 1745 sculpsit
375 1711 446 1746 per
471 1702 615 1737 nudum
642 1703 866 1748 genetivum
891 1702 1013 1746 patris
1038 1711 1179 1736 nomen
1206 1701 1353 1737 extulit.
1390 1700 1473 1735 Hoc

189 1762 319 1792 autem
343 1758 438 1793 nihil
462 1758 555 1793 facit
582 1760 630 1793 ad
649 1768 741 1795 rem.
761 1758 914 1793 Artifex
932 1758 1045 1801 enim,
1073 1758 1239 1801 Ἀγασίας
1260 1758 1473 1802 Μηνοφίλου

187 1815 368 1860 Ἐφέσιος,
387 1820 447 1849 est
464 1815 578 1849 homo
597 1815 784 1858 Graecus,
802 1815 835 1849 is
854 1820 995 1857 autem,
1014 1815 1080 1859 qui
1097 1815 1320 1857 honoratur,
1339 1813 1473 1848 Roma-

189 1879 273 1907 nus,
313 1870 501 1906 Conferas
527 1872 680 1906 titulum
715 1872 828 1916 plane
865 1871 1073 1915 gemellum
1100 1870 1198 1907 CIG.
1225 1870 1321 1906 2285
1335 1871 1360 1905 b
1387 1879 1474 1904 cum

189 1927 500 1963 adnotationibus
527 1928 619 1965 CIL.
635 1928 807 1971 1117241,
834 1927 1012 1963 conferas
1039 1927 1156 1963 etiam
1182 1927 1275 1964 CIL.
1302 1926 1353 1962 111
1379 1926 1474 1961 7265

189 1989 227 2019 et
253 1984 361 2022 7240.
397 1985 522 2020 Huius
547 1985 808 2021 Romanorum
834 1985 977 2021 civium
1003 1984 1272 2029 appellationis
1298 1983 1473 2019 Graecae

189 2051 289 2085 quae
315 2041 429 2077 fuerit
456 2052 586 2086 causa,
625 2042 850 2088 priusquam
886 2051 1101 2085 exponam„
1125 2041 1234 2076 iuvat
1269 2040 1474 2076 nonnullas

188 2107 253 2134 res
279 2098 511 2134 adumbrare
537 2099 759 2135 simillimas.

308 2155 398 2190 CIL.
425 2155 476 2189 III
507 2155 623 2190 12290
648 2155 791 2200 legitur
817 2155 888 2190 sic:

600 2210 945 2247 C-Dudistius-C-l

601 2270 702 2313 Γάιος
728 2269 945 2312 Δουδίστιος

602 2328 704 2363 Γαίου
731 2327 901 2371 Τιμόθεος

658 2386 759 2428 καῖρε

310 2451 336 2488 ι)
357 2451 392 2480 cf.
414 2451 477 2480 Th:
489 2452 663 2487 Mommsen,
684 2451 760 2487 Eph.
780 2459 825 2486 ep.
846 2451 906 2478 VII
925 2450 1028 2487 (1892)
1049 2459 1077 2486 p.
1098 2455 1164 2485 453.
