1655 2789
769 183 960 213 ,48-

217 290 323 315 mum
349 286 440 316 sunt
465 280 671 316 referenda
698 292 755 325 eo,
782 281 886 326 quod
904 286 1059 316 veteres
1077 290 1236 317 munere
1250 283 1510 318 transferendi

218 337 373 372 omnino
400 337 513 372 aliter
539 341 656 381 atque
683 347 755 373 nos
781 337 893 382 fungi
919 338 1106 375 solebant.
1157 337 1322 374 Romani
1349 339 1451 374 enim
1476 339 1510 374 si

218 394 371 430 Graeca
398 394 437 428 in
463 394 638 438 linguam
665 403 776 429 suam
802 399 1045 437 convertunt,
1072 403 1228 438 semper
1241 395 1400 430 liberius
1425 405 1507 431 rem

216 456 339 494 agunt
375 459 501 493 neque
538 456 619 484 tam
645 451 761 485 anxia
805 460 900 485 cura
926 450 975 484 ad
1002 450 1170 484 alienum
1196 452 1395 495 exemplar
1421 461 1508 487 sese

216 506 412 552 applicant
438 516 554 551 quam
581 507 808 551 plerumque
827 507 869 541 fit
883 507 1026 542 nostris
1041 506 1177 542 diebus
1189 509 1224 553 ¹).
1253 508 1328 552 Qui
1341 508 1508 553 exempli

215 565 343 609 gratia
360 564 658 608 comparaverit,
686 564 879 608 quomodo
895 564 1031 599 Cicero
1046 564 1197 600 Graece
1216 565 1361 609 scripta
1385 566 1508 601 reddi-

215 622 313 656 derit
339 620 489 665 Latine,
517 621 591 655 hoc
617 621 809 665 gradatim
837 621 1105 656 confirmatum
1130 621 1336 670 habebit2).
1377 621 1507 667 Atque

213 680 287 713 hoc
314 679 364 713 ad
390 678 548 713 diversa
574 678 813 727 antiquitatis
840 681 1016 722 tempora
1034 678 1186 721 cadere,
1213 678 1378 714 dilucide
1393 689 1508 724 appa-

213 741 273 770 ret
300 745 350 769 ex
375 734 489 769 Arati
527 735 796 769 astronomicis
832 745 854 769 a
882 734 1080 778 Cicerone,
1120 734 1352 770 Germanico
1390 740 1507 780 atque

212 791 313 827 Rufo
349 791 469 826 Festo
503 791 657 825 Avieno
693 792 880 828 tractatis.
944 792 1044 835 Quin
1084 792 1200 826 etiarn
1238 797 1394 827 veteres
1432 793 1507 837 ipsi

212 849 314 883 hanc
353 848 401 882 de
439 852 522 882 arte
561 848 739 881 vertendi
765 848 997 882 sententiam
1028 848 1184 891 saepius
1211 848 1378 891 professi
1404 855 1522 897 sunt.»

212 904 277 940 Sic
304 904 440 939 Cicero
467 904 505 938 in
532 903 674 949 libello,
714 903 779 947 qui
805 903 1027 939 inscribitur
1061 903 1143 939 ‘De
1177 904 1321 949 optimo
1361 914 1505 949 genere

213 963 430 997 oratorum’
466 961 564 995 haec
591 961 683 995 dicit
709 963 732 996 5
772 963 791 1005 ξ
815 961 875 995 14;
914 961 1117 996 ‘Converti
1156 962 1256 996 enim
1288 972 1337 996 ex
1365 961 1504 997 Atticis

212 1018 375 1052 duorum
419 1016 823 1060 eloquentissimorum
866 1016 1125 1051 nobilissimas
1169 1017 1366 1052 orationes
1404 1018 1504 1052 inter

211 1083 331 1118 seque
358 1073 586 1115 contrarias,
627 1072 814 1107 Aeschini
854 1078 892 1107 et
919 1073 1191 1118 Demostheni;
1231 1083 1303 1108 nec
1329 1074 1504 1109 converti

210 1136 252 1165 ut
278 1130 481 1173 interpres,
509 1129 578 1163 sed
606 1134 647 1163 ut
674 1125 816 1172 or'ator,
844 1129 1045 1163 sententiis
1072 1130 1196 1164 isdem
1214 1134 1252 1164 et
1270 1123 1405 1164 earum
1430 1130 1502 1164 for-

210 1186 283 1220 mis
309 1191 508 1229 tamquam
544 1184 691 1228 figuris,
728 1185 860 1219 verbis
897 1185 947 1219 ad
985 1190 1158 1220 nostram
1185 1185 1502 1221 consuetudinem

209 1243 328 1287 aptis;
367 1241 406 1276 in
446 1241 586 1285 quibus
625 1251 702 1275 non
740 1242 905 1276 verbum
942 1251 1013 1285 pro
1040 1242 1161 1276 verbo
1194 1251 1358 1276 necesse
1384 1242 1501 1276 habui

208 1299 384 1341 reddere,
428 1298 497 1332 sed
540 1307 665 1341 genus
708 1307 821 1331 omne
864 1298 1073 1331 verborum
1116 1298 1273 1341 vimque
1324 1299 1501 1342 servavi;

208 1365 286 1390 non
329 1354 431 1389 enim
474 1364 521 1388 ea
560 1363 621 1388 me
661 1354 917 1388 adnumerare
957 1354 1091 1389 lectori
1130 1354 1266 1399 putavi
1308 1360 1499 1399 oportere,

210 1413 279 1446 sed
322 1417 521 1455 tamquam
564 1411 811 1454 appendere'.
889 1411 1061 1454 Itemque
1109 1412 1294 1446 Horatius
1336 1412 1376 1446 in
1417 1416 1500 1446 arte

208 1468 360 1511 poetica
400 1477 435 1501 v.
469 1467 578 1501 133-
592 1467 659 1501 135
699 1472 840 1511 monet,
880 1477 928 1500 ne
967 1467 1170 1510 interpres,
1210 1467 1243 1501 si
1270 1467 1423 1502 Graeca
1462 1468 1500 1501 in

207 1524 386 1559 Latinam
412 1523 632 1566 transferat,
660 1522 773 1557 nimis
800 1522 991 1557 obnoxius
1018 1523 1068 1557 sit
1095 1523 1309 1567 exemplari
1336 1523 1499 1567 Graeco,

210 1582 359 1615 dicens:

325 1638 415 1671 ‘nec
441 1637 604 1670 verbum
632 1637 751 1670 verbo
779 1636 933 1671 curabis
959 1636 1121 1671 reddere
1149 1636 1247 1671 fidus

325 1694 515 1736 interpres
542 1703 614 1727 nec
642 1693 797 1727 desilies
824 1693 994 1727 imitator
1019 1693 1056 1727 in
1084 1698 1221 1741 artum,

325 1748 426 1782 unde
446 1748 582 1791 pedem
604 1748 777 1791 proferre
796 1749 920 1791 pudor
938 1754 1044 1782 vetet
1062 1753 1129 1783 aut
1147 1749 1275 1792 operis
1293 1749 1380 1785 lex.’

206 1805 354 1840 Similia
379 1804 545 1848 legimus
572 1804 673 1847 apud
701 1804 903 1848 Gellium³)
934 1809 1050 1849 atque
1077 1805 1193 1839 etiam
1219 1806 1498 1849 posterioribus

205 1861 444 1904 temporibus
472 1861 573 1903 apud
602 1860 928 1904 Hieronymum).
973 1860 1117 1894 Omnes
1144 1861 1244 1895 inter
1269 1871 1313 1895 se
1340 1871 1497 1896 consen-

204 1918 304 1951 tiunt
330 1921 452 1951 artem
481 1916 739 1950 transferendi
766 1926 844 1950 non
872 1925 959 1950 eam
987 1926 1086 1959 esse,
1114 1925 1191 1960 qua
1216 1918 1338 1952 verba
1364 1927 1385 1951 e
1412 1927 1497 1952 ver-

204 1974 263 2008 bis
292 1973 502 2007 reddantur
539 1978 656 2017 atque
694 1973 823 2007 omnia
859 1972 909 2006 ad
945 1972 1111 2007 alienum
1139 1974 1339 2017 exemplar
1374 1973 1497 2009 detor-

325 2103 350 2136 1)
373 2102 409 2131 cf.
440 2102 469 2137 J.
491 2101 643 2137 Tolkiehn,
676 2102 789 2129 Homer
809 2101 869 2129 und
891 2101 937 2129 die
957 2101 1097 2129 romische
1119 2102 1236 2139 Poesie,
1268 2102 1386 2138 Lipsiae
1420 2109 1495 2136 ¹9⁰0

203 2157 230 2184 p.
253 2148 290 2184 78
312 2157 391 2185 sqq.;
438 2147 473 2176 cf.
507 2147 591 2175 etiam
631 2148 678 2176 Fr.
704 2147 796 2176 'Blass
838 2148 866 2174 in
897 2148 976 2175 Iwau
1021 2157 1077 2175 von
1110 2147 1229 2176 Miillers
1261 2147 1427 2176 Handbuch
1458 2148 1494 2176 1²

202 2204 230 2230 p.
253 2195 309 2227 246
322 2203 385 2230 sqq.

321 2240 350 2276 2)
372 2241 406 2269 cf.
439 2241 471 2268 C.
494 2241 606 2276 Auel-t,
640 2241 685 2267 De
706 2241 846 2267 Cicerone
878 2240 1033 2276 interprete
1054 2241 1240 2277 Graecorum,
1273 2240 1395 2268 Dissert.
1424 2240 1495 2267 Got-

200 2287 298 2322 tingae
324 2287 406 2320 1908.

320 2333 349 2370 3)
370 2334 459 2362 Noct.
481 2336 543 2362 Att.
565 2335 607 2362 IX
630 2341 647 2367 9
670 2335 686 2367 ἓ
712 2341 794 2368 1—3.

319 2382 349 2415 4)
371 2381 494 2407 Eusebii
515 2380 724 2407 Chronicorum
746 2380 815 2407 libri
837 2380 896 2406 duo
920 2381 965 2408 ed.
989 2382 1026 2408 A.
1049 2380 1193 2408 Schoene.
1229 2380 1297 2408 Vol.
1319 2380 1348 2406 11
1368 2389 1397 2415 p.
1421 2387 1432 2406 ι
1448 2388 1492 2416 sq.
