1655 2789
739 164 933 194 -66-

196 248 289 297 mihi
317 261 488 297 venitAn
514 266 694 306 mentem,
735 272 836 307 quae
863 263 908 300 in
928 262 1084 307 linguis
1097 262 1369 308 disponenda
1373 263 1489 308 plane

196 319 392 353 contraria
434 319 590 353 videtur
633 319 754 353 fuisse
797 320 947 354 titulis
962 329 1082 363 supra
1121 320 1271 355 citatis.
1323 316 1489 356 maxses

196 373 442 418 evangelista
468 373 535 409 ubi
573 379 707 409 narrat
733 374 782 409 de
821 374 893 410 filii
917 374 994 410 Dei
1031 374 1303 420 crucifixione,
1333 376 1491 421 pm'eter

195 431 271 466 alia
309 431 427 480 tradit
465 431 563 466 haec
602 441 662 468 ev.
682 432 748 473 -19,
780 432 823 467 19
840 442 944 477 εᾳεμ
984 433 1142 478 ἔγραψεν
1173 434 1213 469 δὲ
1236 434 1295 470 καὶ
1321 434 1442 470 τίτλον
1468 434 1489 469 ὁ

194 489 353 531 Πιλᾶτος
379 480 435 523 καὶ
453 488 587 531 ’ἔθηκεν
605 490 661 524 ἐπὶ
679 491 743 523 τοῦ
763 492 937 533 σταυροῦ·
964 490 1009 532 ἦν
1031 491 1070 526 δὲ
1088 490 1337 533 γεγραμμένοι
1347 490 1484 533 Ἰησοῦς

194 541 215 576 ὁ
243 542 450 585 Ναζωραῖος
469 542 490 577 ὁ
518 543 685 586 βασιλεὺς
711 544 784 578 τῶν
808 542 1000 579 Ἰουδαίων.
1027 545 1156 578 τοῦτον
1182 543 1338 579 οὖντὸν
1364 544 1486 579 τίτλον

194 599 323 634 πολλοὶ
361 597 573 640 ἀνέγνωσαν
611 602 684 634 τῶν
711 598 901 641 Ἰουδαίων,
939 599 993 635 ὅτι
1032 600 1137 643 ἐγγὺς
1168 598 1213 643 ἦν
1239 599 1260 635 ὁ
1284 600 1399 643 τόπος
1424 602 1487 643 τῆς

194 657 347 701 πόλεως,
402 656 495 693 ὅπου
539 657 748 701 ἐσταυρώθη
792 657 813 693 ὁ
858 659 1015 702 Ἰησοῦς·
1060 659 1117 694 καὶ
1159 658 1221 702 ἦν·
1245 659 1487 703 γεγραμμένον

194 713 587 757 ἙβραϊστὶἙλληνιστὶ
599 714 798 757 Ῥωμαϊστί.
839 713 1142 749 Animadvertas
1160 714 1278 748 velim
1293 715 1487 749 Hebraica

193 769 317 813 primo
347 769 434 804 loco
461 769 766 812 commemorari,
807 770 931 804 altero
958 770 1110 805 Graeca
1143 774 1259 815 atque
1285 771 1399 806 tertio
1426 770 1488 805 de-

193 835 298 860 mum
341 825 492 862 Latina.
560 824 697 860 Nonne
740 825 861 869 igitur
904 826 1098 861 Hebraica
1141 826 1321 861 videntur
1370 827 1486 863 etiam

193 880 342 917 Latinis
369 882 591 926 praeposita
616 881 738 918 fuisse
756 882 803 917 in
830 892 956 925 cruce,
985 893 1073 918 cum
1099 886 1346 919 Ioannesea
1363 884 1486 927 primo

192 940 278 973 loco
305 938 466 974 afferat?
518 938 587 973 Cui
615 939 831 974 sententiae
849 939 1016 984 primum
1044 941 1199 975 obstant
1225 949 1361 975 omnes
1386 940 1485 975 tituli

193 996 316 1031 nostri
342 996 557 1039 trilingues,
598 1006 697 1040 quae
725 1006 960 1041 quamquam
986 998 1143 1041 generis
1162 997 1322 1041 privati
1347 998 1486 1032 Latina

192 1052 333 1086 ceteris
361 1052 504 1096 linguis
523 1061 677 1095 semper
695 1053 918 1096 praeposita
936 1052 1091 1088 habent.
1131 1053 1341 1088 Praeterea
1358 1063 1485 1088 nonne

192 1114 297 1144 esset
324 1108 473 1154 mirum,
502 1109 534 1143 si
561 1109 599 1143 in
626 1115 731 1143 terra
757 1120 781 1143 a
809 1108 993 1144 Romanis
1022 1109 1203 1145 subiecta.
1231 1110 1484 1154 magistratus

194 1165 390 1211 Romanus
417 1165 607 1198 sermonis
646 1165 775 1207 populi
803 1165 946 1198 devicti
972 1170 1119 1199 tantam
1147 1166 1337 1199 rationem
1362 1167 1480 1200 habu-

191 1221 309 1256 isset?
359 1215 438 1264 Re's
465 1221 578 1256 aliter
604 1231 646 1255 se
673 1220 801 1258 habet.
854 1220 929 1265 Qui
955 1221 1202 1265 evangelium
1242 1222 1483 1267 conscripsit,

193 1278 387 1312 Hebraica
412 1271 579 1321 primum
611 1284 898 1319 commemorat,
937 1278 1027 1321 quia
1054 1277 1168 1312 homo
1195 1279 1482 1321 erarludaens,

192 1334 332 1368 deinde
359 1339 489 1368 autem
517 1333 659 1368 Graeci
686 1334 876 1368 sermonis
894 1334 1129 1369 mentionem
1148 1334 1250 1382 facit,
1278 1335 1483 1379 quiahaec

190 1390 324 1434 lingua
351 1391 471 1435 vulgo
498 1395 582 1425 erat
608 1389 646 1424 in
673 1399 758 1433 usu,
786 1400 874 1425 cum
902 1390 1038 1425 Latina
1066 1390 1125 1425 his
1152 1390 1189 1425 in
1215 1390 1357 1426 finibus
1396 1401 1483 1426 nus-

191 1456 307 1490 quam
333 1444 584 1493 adh‘iberetur
610 1446 684 1481 nisi
711 1447 759 1480 ab
787 1447 1007 1480 hominibus
1034 1447 1229 1482 Romanis.
1258 1447 1483 1482 Statuamus

190 1501 308 1546 igitur
334 1494 509 1536 ordinem
528 1501 759 1545 linguarum,
787 1511 886 1546 quae
905 1501 1011 1536 cruci
1030 1502 1171 1537 Christi
1189 1501 1333 1537 infixae
1360 1508 1481 1547 erant,

188 1615 248 1638 erat
268 1611 482 1647 pronuntiatum
505 1611 579 1638 viam
601 1612 638 1638 ab
660 1612 829 1646 imperatore
852 1612 949 1638 Nerva
964 1612 1063 1638 factam
1081 1620 1156 1639 esse.
1184 1612 1314 1646 Quorum
1332 1613 1479 1639 titulorum

189 1656 305 1683 inventa
327 1659 371 1682 est
391 1652 525 1691 Didymis
545 1660 574 1683 et
594 1656 698 1682 Latina
719 1659 748 1682 et
769 1656 877 1683 Graeca
898 1664 974 1692 pars,
994 1664 1057 1683 cum
1081 1656 1212 1683 Milesius
1234 1656 1336 1684 titulus
1357 1657 1481 1684 Graecus

189 1701 306 1737 periisse
328 1702 465 1730 videatur.
507 1701 626 1729 Kekule
648 1701 668 1729 l.
690 1701 709 1730 l.
732 1702 768 1728 de
790 1702 893 1729 Latina
913 1706 993 1737 parte
1016 1702 1148 1729 Milesiae
1170 1702 1369 1738 inscriptionis
1390 1711 1481 1739 nuper

189 1753 302 1784 reperta
324 1749 468 1776 disserens
490 1749 575 1775 etiam
608 1749 775 1776 sententiam
808 1749 925 1783 profert,
954 1757 1009 1784 qua
1040 1749 1150 1775 ratione
1182 1749 1265 1784 tituli,
1297 1749 1430 1777 Miiesius
1452 1754 1481 1777 et

188 1795 374 1830 Didymaeus,
403 1794 536 1830 dispositi
567 1795 681 1822 fuerint.
723 1794 835 1821 Iudicat
866 1799 969 1830 autem,
1000 1803 1064 1821 cum
1086 1794 1202 1821 Milesia
1232 1803 1297 1830 pars
1319 1795 1422 1822 Latina
1451 1796 1479 1822 in

186 1841 294 1877 lapide,
316 1841 365 1877 qui
387 1841 527 1877 pertineat
548 1841 584 1868 ad
605 1834 771 1868 interiorem
794 1840 931 1876 parietem
947 1840 1048 1868 Mileto
1070 1841 1193 1868 intuenti
1209 1841 1356 1869 sinistrum
1370 1846 1477 1878 portae,

188 1894 277 1924 prope
296 1888 385 1914 iimen
407 1888 445 1915 sit
463 1887 590 1923 inventa,
620 1888 759 1915 Graecam
783 1888 850 1914 huic
871 1888 961 1914 fuisse
982 1888 1183 1923 praepositam.
1223 1888 1311 1915 Unde
1330 1888 1480 1915 concludit

188 1935 293 1962 eodem
325 1934 428 1962 ordine
459 1935 650 1969 Didymaeam
685 1935 903 1970 inscriptionem
936 1935 1024 1961 fuisse
1055 1935 1231 1963 collocatam.
1273 1936 1379 1970 Neque
1411 1945 1479 1963 vero

187 1981 250 2007 fieri
272 1985 395 2017 poterat,
427 1986 457 2007 ut
479 1981 579 2007 titulus
611 1982 726 2007 nomine
749 1982 931 2014 imperatoris
953 1982 1063 2016 positus
1086 1991 1137 2017 per
1157 1982 1362 2017 proconsulem
1385 1984 1478 2009 Asiae

187 2035 283 2054 curam
316 2031 419 2061 ugente
448 2027 546 2061 legato
568 2029 645 2061 Aug.
667 2036 719 2062 pro
741 2036 783 2063 pr.
806 2027 861 2053 hoc
882 2027 1002 2054 insolito
1033 2028 1122 2054 modo
1155 2028 1367 2064 disponeretur.
1408 2030 1479 2064 Iam,

186 2080 216 2102 ut
251 2074 442 2102 concedamus
474 2074 587 2102 titulum
628 2084 679 2101 suo
713 2075 777 2101 loco
812 2083 877 2101 esse
910 2079 1061 2111 repertum,
1094 2076 1191 2103 omnia
1222 2075 1309 2112 plana
1343 2080 1418 2112 sunt,
1454 2077 1479 2103 si

186 2122 335 2149 statuimus
367 2122 502 2149 Graecam
532 2127 640 2157 partem
676 2123 754 2148 iuxta
786 2122 917 2148 Latinam
950 2122 1037 2157 idque
1070 2123 1107 2149 ab
1138 2123 1228 2149 altero
1258 2127 1359 2158 portae
1389 2123 1479 2150 latere

186 2168 275 2195 fuisse
296 2168 471 2204 inscriptam.
513 2168 601 2194 Idem:
614 2168 749 2194 iudicium
772 2168 831 2194 sero
858 2168 895 2193 de
916 2167 1002 2194 titulo
1025 2168 1202 2203 Didymaeo3
1234 2177 1333 2204 nempe
1353 2169 1477 2195 Momm-

187 2224 289 2242 senum
321 2214 427 2242 iniuria
458 2215 594 2242 adnotare
627 2214 740 2242 ‘Latina
771 2223 836 2241 cum
868 2215 998 2242 dicantur
1029 2215 1085 2250 legi
1125 2224 1141 2242 a
1169 2215 1268 2242 dextra
1296 2215 1479 2249 Graecorum,

186 2262 229 2289 sic
250 2266 282 2289 ut
301 2271 387 2298 supra
409 2262 504 2289 omnia
525 2262 673 2298 disposui;
706 2271 769 2288 nam
792 2262 828 2288 ab
851 2265 973 2297 utroque
995 2262 1086 2288 latere
1108 2262 1219 2288 titulum
1243 2262 1392 2289 effractum
1413 2271 1478 2290 esse

188 2313 305 2345 apparet
325 2309 401 2336 intus
423 2307 580 2343 in'tegrnm'
600 2309 687 2335 docet
713 2308 814 2335 titulus
837 2308 978 2345 Milesius,
1009 2309 1086 2335 cuius
1111 2309 1210 2335 Latina
1232 2317 1306 2344 pars,
1340 2313 1371 2336 ut
1392 2318 1478 2346 supra

185 2356 319 2393 vidimus,
341 2365 397 2383 non
415 2348 459 2383 -in
478 2356 580 2383 eodem
605 2356 702 2392 lapide
724 2360 810 2392 atque
832 2356 943 2383 Graeca
966 2360 1026 2383 erat
1047 2356 1148 2385 incisa.
