1655 2789
731 224 846 255 -.19
886 242 923 247 -

183 331 355 360 statuere
373 324 579 368 possimus.
612 323 694 357 Has
708 323 979 367 inscriptiones
993 323 1148 366 saepius
1163 333 1278 367 quam
1296 324 1471 367 publicas

184 380 367 415 exhibere
393 379 571 414 breviata
589 378 840 422 praenomina
857 388 934 413 non
953 382 1013 412 est
1031 387 1101 413 cur
1118 378 1313 421 miremur,
1339 383 1471 423 utpote

183 446 271 472 cum
306 435 461 481 publica
497 439 745 469 monumenta
782 444 936 479 semper
962 444 1049 469 esse
1076 435 1226 470 soleant
1251 435 1407 479 puriora
1433 441 1472 471 et

184 503 229 527 eo
256 494 482 537 plerumque
501 501 646 535 genere
664 491 857 525 scribendi
874 496 1043 534 utantur,
1071 492 1170 535 quod
1190 492 1228 525 in
1260 492 1368 526 libris
1386 502 1472 527 con-

183 548 398 583 scribendis
435 547 665 581 adhibeatur
674 549 709 591 ¹).
761 546 1006 581 Privatarum
1037 546 1155 590 igitur
1181 547 1472 591 inscriptionum

183 610 417 649 quamquam
444 603 754 647 antiquissimum
781 604 1001 647 exemplum
1035 603 1330 647 compendiosae
1357 604 1472 648 scrip-

182 667 293 696 turae
319 660 419 694 redit
445 669 568 703 usque
595 660 644 693 ad
671 659 816 693 Tiberii
842 665 1021 701 aetatem,
1061 659 1265 694 invalescit
1289 660 1352 694 hic
1378 670 1473 694 usus

182 722 357 760 tempore
394 715 548 749 demum
574 714 809 758 Flaviorum,
849 724 898 749 ex
935 724 1011 759 quo
1048 715 1263 758 perscripta
1295 716 1474 760 exempla

185 773 291 807 nulla
336 770 410 806 nisi
449 770 650 805 rarissima
694 776 860 806 exstant.
912 771 1215 815 Adiungendum
1259 777 1319 806 est
1358 771 1474 806 etiam

184 827 341 862 nomina
366 826 565 870 gentilicia
590 827 713 862 altero
739 836 774 870 p.
795 826 884 862 Chr.
912 836 949 862 n.
977 827 1134 861 saeculo
1161 826 1198 860 in
1225 826 1286 860 his
1313 827 1474 870 inscrip-

184 883 352 918 tionibus
378 881 549 926 incipere
568 882 747 918 breviari.
800 882 1044 926 Perscriptae
1070 881 1218 917 formae
1237 882 1286 917 ad
1313 883 1475 917 alteram

184 939 296 983 quasi
322 938 527 973 transitum
554 939 676 972 habes
702 938 738 972 in
759 939 816 972 eis
842 939 973 980 titulis,
1000 939 1039 972 in
1059 938 1198 982 quibus
1224 939 1474 982 praenomina

183 994 323 1038 partim
349 993 526 1030 breviata
553 999 653 1035 sunt,
693 994 833 1037 partim
859 994 1085 1037 perscripta.
1140 994 1237 1028 Sunt
1264 1000 1391 1028 autem
1418 994 1474 1028 hi:

185 1050 277 1086 CIL.
307 1045 455 1084 111'218
495 1050 647 1093 publice
684 1050 722 1083 in
762 1050 892 1094 Cypro
929 1060 1011 1094 pos.
1057 1050 1122 1085 198
1161 1060 1196 1093 p.
1224 1050 1326 1093 Chr.,
1367 1051 1475 1085 cuius

185 1106 337 1140 Graeca
362 1114 454 1148 pars
481 1105 642 1149 originis
669 1111 728 1140 est
755 1105 942 1149 Graecae,
969 1106 1008 1140 in
1035 1115 1110 1150 qua
1142 1106 1190 1142 M.
1218 1106 1475 1150 perscriptum

185 1166 244 1196 est
280 1161 319 1196 in
345 1162 493 1207 Μάρκου
531 1167 569 1196 et
596 1162 785 1207 Μάρκ(ου),
825 1172 912 1196 cum
939 1163 1116 1207 Λ(ούκιος)
1157 1162 1376 1197 breviatum
1414 1162 1475 1198 sit.

185 1216 278 1253 CIL.
293 1216 344 1251 ΙΙΙ
366 1216 504 1251 141952
529 1217 626 1260 priv.
655 1217 799 1260 Ephesi
833 1227 914 1260 pos,
946 1217 1104 1263 1021106
1137 1227 1172 1261 p.
1193 1217 1294 1261 Chr.,
1334 1218 1373 1251 in
1400 1227 1475 1261 quo

184 1273 317 1317 Τ(ίτος)
343 1272 487 1316 legitur
509 1277 624 1316 atque
643 1273 803 1309 Λουκίου.
844 1272 1021 1317 Denique
1040 1272 1132 1308 CIL.
1149 1272 1199 1307 III
1222 1273 1360 1309 14195⁴
1377 1273 1475 1317 priv.

131 1364 133 1366 .
185 1327 329 1373 Ephesi
354 1337 437 1372 pos.
469 1328 627 1375 1031104
653 1338 688 1373 p.
709 1328 811 1371 Chr.,
848 1330 886 1364 in
923 1339 998 1374 quo
1035 1330 1136 1364 idem
1169 1339 1404 1374 praenomen
1432 1329 1475 1367 C.

185 1386 233 1419 ab
269 1384 407 1419 eodem
425 1385 578 1419 homine
597 1387 717 1419 semel
736 1386 1009 1429 perscriptum·
1031 1386 1091 1420 bis
1110 1391 1240 1420 autem
1258 1386 1476 1421 breviatum

186 1446 265 1487 est,
304 1445 508 1485 praeterea
547 1441 691 1476 Tibe'rii
733 1442 995 1485 praenominis
1035 1438 1308 1485 cor'npendiosa
1347 1448 1476 1477 exstat

185 1497 392 1541 scriptura;
433 1502 549 1542 atque
585 1499 625 1532 in
658 1498 744 1532 aliis
783 1498 956 1533 eiusdem
995 1498 1068 1532 viri
1106 1498 1227 1534 titulis
1291 1498 1384 1534 CIL.
1425 1498 1476 1533 111

190 1553 333 1587 141952
349 1552 369 1574 ⁶·
386 1558 405 1579 ⁷·
421 1552 440 1576 ⁸·
456 1558 475 1579 ⁹-
492 1563 645 1596 semper
663 1553 888 1587 breviantur
904 1553 1166 1596 praenomina.
1205 1553 1276 1587 His
1302 1554 1350 1587 de
1368 1563 1476 1597 prae·

184 1608 404 1643 nominibus
416 1609 601 1653 expositis
613 1619 689 1643 non
701 1614 806 1644 recte
825 1618 965 1643 censeo
984 1609 1201 1653 suppletam
1220 1619 1307 1643 esse
1319 1608 1475 1646 CIL.III

185 1662 604 1707 6734=1GR.111789,
629 1665 695 1699 ubi
713 1665 985 1709 compendiosa
1004 1665 1196 1708 scriptura
1210 1667 1232 1701 Γ
1233 1666 1340 1710 (άιος)
1359 1665 1474 1700 etiam

185 1721 310 1763 spatio
328 1721 619 1754 accommodata
637 1730 714 1754 non
733 1725 802 1762 est,
829 1730 954 1763 neque
973 1720 1066 1755 CIL.
1081 1720 1243 1756 1117410
1256 1737 1293 1750 =
1305 1720 1391 1764 eph.
1415 1729 1475 1765 ep.

186 1775 240 1810 IV
263 1776 342 1821 130,
369 1777 435 1811 ubi
453 1777 569 1821 plena
587 1777 779 1821 scriptura
792 1778 950 1821 Τιβέριος
977 1787 1015 1813 v.
1034 1778 1055 1811 7
1083 1783 1121 1811 et
1139 1778 1264 1820 spatio
1283 1783 1321 1811 et
1340 1777 1475 1812 eodem

185 1833 433 1876 praenomine
476 1844 513 1869 v.
545 1834 578 1869 8.
622 1833 836 1877 perscripto
875 1833 1176 1874 commendatur,
1211 1843 1338 1876 neque
1375 1832 1475 1869 IGR.

186 1887 347 1933 111768,
390 1889 438 1924 de
477 1899 553 1934 qua
590 1895 726 1934 postea
764 1899 850 1924 sum
888 1894 1057 1925 acturus.
1110 1889 1238 1935 Atque
1276 1889 1392 1924 etiam
1421 1889 1476 1924 >de

186 1944 232 1979 iis
259 1946 391 1992 titulis,
431 1956 528 1991 quos
554 1956 672 1991 supra
699 1947 865 1981 diximus
899 1947 1069 1981 incertae
1096 1956 1183 1981 esse
1210 1946 1361 1995 aetatis,
1400 1947 1477 1981 iam

186 2002 428 2037 accuratiora
454 2009 617 2046 possunt
643 2002 818 2046 proferri.
852 2002 1071 2036 Verisimile
1098 2003 1200 2036 enim
1219 2008 1278 2036 est
1305 2013 1384 2045 eos,
1412 2003 1477 2046 qui

186 2058 441 2102 perscriptam
477 2058 770 2102 praenominum
806 2057 968 2093 formam
1006 2058 1200 2102 exhibent,
1241 2058 1478 2103 antiquiores

187 2123 274 2148 esse
311 2124 428 2158 quam
464 2115 762 2159 compendiosae
799 2115 1013 2157 scripturae
1044 2119 1083 2149 et
1108 2114 1194 2148 illos
1222 2115 1376 2158 quidem
1405 2116 1478 2158 ple—

187 2178 349 2213 rumque
385 2176 475 2205 ante
501 2170 545 2206 ΙΙ.
573 2180 675 2205 saec.
711 2180 746 2214 Ρ.
767 2170 856 2206 Chr.
890 2170 1038 2213 positos
1075 2179 1174 2214 esse,
1215 2171 1312 2205 alios
1348 2175 1476 2204 autem

187 2225 314 2269 potius
342 2236 430 2261 esse
469 2226 514 2263 ΙΙ.
541 2237 643 2263 saec,
683 2236 800 2271 quam
831 2226 969 2271 prioris
995 2226 1200 2270 temporis..
1245 2226 1478 2261 Accuratius

188 2288 317 2316 autem
344 2284 391 2317 de
410 2284 677 2326 pronominum
693 2284 916 2318 Latinorum
944 2283 1068 2317 forma
1083 2283 1237 2317 Graeca
1264 2284 1297 2317 is
1324 2284 1477 2317 demum

310 2408 336 2440 ι)
358 2407 392 2435 cs.
415 2408 536 2434 Hiibner
556 2407 685 2442 exempla
706 2416 733 2442 p.
750 2408 869 2434 XXIII.
