1655 2789
723 207 838 238 -·73
879 224 914 229 -

175 305 349 341 ordinem
391 305 579 348 praebere
616 304 852 349 linguarum,
897 311 938 340 ut
975 305 1114 340 Latina
1156 305 1338 349 primario
1377 306 1461 339 loco

176 364 342 407 exstent,
369 361 492 396 altero
519 361 683 406 Graeca,
722 362 856 397 cOntra
895 372 1013 397 unam
1038 367 1188 396 tantum
1227 362 1461 397 contrariam

175 416 465 462 dispositionem
483 417 627 452 habere
646 428 808 462 eamque
827 428 914 453 esse
933 418 1093 461 originis
1108 418 1294 454 Graecae.
1332 419 1460 461 Quare

176 473 269 509 mihi
286 472 454 515 ,dubium
479 483 557 508 non
584 483 672 509 esse
692 474 854 517 videtur,
882 473 973 519 quin
1001 474 1093 509 CIL.
1112 474 1178 509 XII
1202 474 1268 508 174
1288 473 1459 517 Antipoli

107 517 111 521 '
176 530 326 565 Galliae
365 539 457 574 rep„
497 530 588 567 CIL.
616 531 682 566 ΧΗ
713 531 804 565 1277
844 530 1017 566 Vasione
1045 530 1193 565 Gauiae
1232 540 1327 574 pos„
1368 531 1458 566 clL.

176 586 251 620 XV
271 586 378 628 6959,
406 586 497 622 CIL.
524 587 597 621 XV
624 587 730 629 6958,
759 588 849 622 CIL.
880 587 931 621 VI
963 587 1097 629 12754,
1126 596 1260 620 omnes
1286 593 1366 620 tres
1389 586 1458 620 Ro-

175 651 260 676 mae
287 641 480 684 inventae,
518 642 566 677 de
593 652 756 687 quarum
781 642 915 677 ordine
942 643 1162 686 linguarum
1197 641 1333 676 incerti
1370 648 1459 676 sunt

156 731 158 734 ,
176 698 356 740 editores,
384 698 520 732 eodem
546 699 660 733 modo
679 695 941 743 disponendae
960 699 1047 740 sint,
1076 699 1152 742 quo
1171 708 1288 742 supra
1307 699 1458 738 allatae,

138 787 157 797 „
175 754 381 799 praecipue
408 759 537 789 autem
564 755 656 792 CIL.
683 756 749 790 XII
782 756 848 790 174
874 760 1091 800 propterea,
1120 755 1222 799 quod
1248 754 1373 798 posita
1402 759 1460 788 est

161 811 213 845 'in
239 811 426 845 honorem
445 811 609 847 hominis
627 812 799 848 Romani.
852 812 1060 855 Quaeritur
1078 811 1205 854 etiam,
1233 821 1322 845 num
1342 811 1461 845 titulis

175 867 317 902 nostris
344 866 382 900 in
409 868 545 901 eodem
570 869 691 902 latere
718 868 826 902 iuxta
851 868 1053 912 insculptis
1080 868 1204 902 subsit
1230 868 1328 902 ratio
1350 877 1461 911 quae-

177 923 266 957 dam
304 923 574 967 dispositionis.
628 924 826 959 Eiusmodi
865 924 1136 968 inscriptiones
1162 924 1330 958 rariores
1357 929 1458 965 sunt,

175 989 290 1022 quam
318 984 359 1013 ut
385 979 529 1022 aliquid
556 981 651 1014 certi
676 981 799 1024 possit
825 981 1021 1024 concludi;
1062 990 1151 1014 nam
1178 982 1277 1014 tales
1303 980 1460 1023 inscrip-

175 1034 299 1069 tiones
325 1034 500 1078 publicas
527 1045 604 1069 non
630 1036 818 1070 habemus
844 1035 918 1070 nisi
937 1036 1027 1071 CIL.
1047 1038 1096 1070 III
1115 1036 1148 1083 8,
1176 1035 1272 1069 Bull.
1293 1036 1340 1069 de
1359 1045 1456 1070 corr.

174 1090 262 1126 hell.
293 1091 385 1125 1903
424 1101 458 1134 p.
491 1091 559 1125 104
571 1101 652 1136 sqq.
694 1097 809 1136 atque
837 1092 928 1127 CIL.
959 1092 1043 1126 VIII
1075 1092 1166 1126 1259
1205 1092 1292 1128 add.
1323 1092 1456 1127 14545.

174 1147 346 1190 Quarum
373 1147 473 1181 duae
505 1148 654 1191 priores
693 1154 783 1182 ante
822 1154 990 1183 aetatem
1016 1149 1270 1192 Byzantinam
1308 1148 1457 1191 positae

174 1211 260 1236 eam
286 1202 470 1246 linguam,
511 1213 610 1247 quae
649 1204 801 1248 publice
828 1204 1110 1248 dominabatur,
1150 1203 1333 1247 primario
1372 1204 1457 1237 1000

173 1259 371 1303 praebent,
416 1259 562 1295 scilicet
601 1271 624 1295 a
663 1260 819 1295 sinistra
856 1260 1020 1296 intuenti
1057 1266 1179 1305 parte,
1237 1261 1399 1295 alteram
1434 1270 1457 1293 a

174 1315 312 1350 dextra
337 1315 449 1360 illius,
477 1322 612 1352 contra
630 1317 668 1352 in
686 1324 883 1361 postrema
904 1317 1101 1352 Iustiniani
1119 1323 1247 1352 aetate
1265 1317 1304 1351 in
1323 1316 1457 1352 Africa

173 1371 317 1414 positav
342 1371 494 1406 Graeca
536 1373 759 1416 primarium
801 1375 930 1407 locum
971 1379 1115 1409 tenent.
1184 1373 1294 1407 Nunc
1341 1372 1456 1406 etiam

173 1427 314 1462 clarius
358 1428 579 1472 perspicies,
624 1439 693 1463 cur
735 1439 853 1473 supra
891 1429 929 1464 in
969 1429 1080 1464 titulo
1120 1429 1268 1464 Milesio
1307 1433 1456 1473 partem

173 1484 364 1518 Graecam
391 1485 569 1520 iusserim
596 1486 777 1521 collocari
803 1497 826 1520 a
853 1487 990 1520 dextra
1008 1486 1180 1520 Latinae.
1225 1485 1268 1519 In
1294 1484 1455 1529 privatis

171 1539 291 1575 titulis
318 1540 455 1576 Latina
473 1551 497 1576 a
514 1541 670 1577 sinistra
695 1547 805 1586 parte
832 1543 1014 1589 leguntur
1032 1543 1123 1578 CIL.
1138 1544 1186 1577 III
1201 1542 1273 1576 552
1295 1540 1455 1576 Athenis

173 1607 206 1632 a.
237 1598 428 1633 114—116
468 1599 686 1643 conscripto
725 1610 748 1634 a
775 1599 817 1636 C.
854 1599 948 1634 Iulio
987 1599 1180 1634 Antiocho
1206 1598 1454 1642 Philopapp0‚

173 1653 325 1688 Graeca
352 1660 481 1689 autem
508 1656 610 1690 hunc
636 1657 762 1690 locum
789 1656 963 1690 obtinent
990 1656 1079 1691 CIL.
1108 1658 1156 1690 III
1183 1655 1255 1689 320
1283 1653 1455 1688 Amastri

172 1709 339 1754 (Bithyn.
355 1716 393 1745 et
408 1711 544 1757 Pont.),
572 1714 615 1749 II.
643 1722 744 1747 saec.
764 1722 800 1757 p.
816 1713 903 1749 Chr.
923 1713 1069 1757 opinor,
1096 1713 1221 1756 posito
1251 1722 1274 1746 a
1303 1711 1454 1745 tribuno

172 1767 353 1813 cohortis,
393 1773 596 1812 praeterea
635 1769 673 1804 in
700 1769 791 1805 CIL.
819 1770 852 1804 X
879 1769 974 1805 7296
1013 1769 1051 1803 in
1080 1768 1210 1804 Sicilia
1249 1773 1364 1811 temp.
1390 1766 1453 1802 lib.

172 1822 226 1859 rei
252 1824 355 1866 publ.
383 1824 447 1858 vel
471 1825 596 1868 primo
629 1835 728 1859 aevo
755 1825 844 1869 imp.
878 1835 1046 1869 conscr.;
1086 1825 1151 1869 qui
1190 1834 1277 1858 eum
1316 1823 1454 1867 posuit,

171 1888 248 1927 non
273 1880 503 1918 nominatur.
555 1881 651 1917 Cum
676 1882 797 1917 titulis
823 1881 1139 1917 antecedentibus
1166 1879 1346 1923 coniungi
1372 1888 1454 1923 pos-

171 1941 260 1970 sunt
286 1936 323 1981 ii,
351 1938 416 1981 qui
442 1935 539 1973 duas
565 1938 719 1983 linguas
746 1939 897 1973 duobus
924 1939 1122 1984 lateribus,
1149 1948 1226 1972 non
1253 1935 1388 1971 amicis
1416 1940 1454 1969 et

171 1993 340 2034 posticis,
378 1993 583 2038 inscriptas
615 1996 814 2038 praebent.
868 1995 944 2029 Sed
970 1994 1009 2028 hi
1048 2004 1200 2038 quoque
1239 1993 1337 2027 tituli
1375 1997 1453 2026 tam

172 2049 248 2082 rari
281 2054 382 2092 sunt,
422 2055 464 2084 ut
502 2060 550 2084 ex
576 2050 623 2085 iis
662 2051 709 2085 de
748 2051 998 2094 dispositione
1037 2050 1255 2094 linguarum
1293 2048 1453 2082 multum

172 2105 402 2140 concludere
428 2116 506 2141 non
527 2106 667 2150 ausim;
696 2112 785 2140 sunt
811 2106 912 2140 enim
939 2107 996 2143 hi:
1025 2107 1116 2142 CIL.
1136 2106 1257 2150 11124,
1273 2105 1354 2147 736,
1370 2104 1452 2139 737.

172 2159 203 2193 Ε
240 2161 378 2205 quibus
411 2162 502 2198 CIL.
528 2163 577 2197 III
604 2162 675 2197 324
717 2162 757 2197 in
800 2162 937 2197 anticis
980 2172 1132 2207 quoque
1177 2162 1326 2196 titulum
1365 2159 1452 2195 fert.

171 2216 334 2253 Restant
360 2228 455 2263 ergo
484 2219 637 2264 proprio
664 2229 781 2255 sensu
808 2220 884 2255 duo
922 2225 1072 2255 tantum
1106 2219 1293 2262 exempla.
1345 2217 1454 2252 Haec

171 2273 288 2317 igitur
330 2275 541 2320 dispositio,
571 2286 649 2311 non
692 2281 853 2320 accepta
895 2276 1016 2312 fuisse
1060 2276 1227 2320 videtur,
1270 2274 1308 2308 id
1351 2274 1454 2318 quod

170 2331 265 2366 satis
309 2337 611 2368 consentaneum
655 2338 731 2377 est,
784 2333 873 2378 quia
916 2333 968 2376 is,
1022 2332 1086 2377 qui
1133 2332 1285 2367 titulum
1333 2330 1453 2375 ponit,

170 2388 337 2423 maxime
375 2390 514 2433 studet,
552 2395 594 2424 ut
630 2390 863 2433 conspicuus
900 2389 960 2425 sit.
1013 2390 1141 2432 Quare
1181 2389 1297 2422 etiam
1336 2397 1454 2431 supra
