1655 2789
763 171 956 201 -64-

211 271 368 305 tabulae
396 270 510 316 modo
537 270 723 304 lateribus
750 271 950 315 oppositis,
976 270 1090 307 modo
1118 269 1245 304 eidem
1268 269 1391 314 lateri,
1419 270 1501 313 sed,

210 326 315 370 quod
340 325 467 361 rarius
493 325 657 368 invenis,
684 327 793 360 iuxta
819 327 956 370 posita,
985 326 1087 375 quod
1114 326 1355 373 saepissime,
1382 326 1505 361 altera

209 387 298 426 post
325 383 459 418 altera.
512 382 733 425 Quaeritur,
766 391 858 417 num
885 382 1034 418 ratione
1061 382 1230 426 quadam
1265 382 1326 417 usi
1363 382 1440 417 sint
1465 382 1505 417 in

208 438 353 482 linguis
367 438 619 482 disponendiS
632 438 668 481 ii,
681 438 746 482 qui
757 439 1073 483 conscripserunt
1086 437 1232 475 titulos.
1259 438 1302 473 In
1318 429 1505 482 trilingui-

211 494 284 528 bus
310 490 432 528 titulis
459 503 578 538 supra
604 494 731 529 allatis
756 494 859 528 hunc
886 504 1040 538 semper
1066 494 1240 529 ordinem
1265 499 1399 529 tenent
1425 504 1503 529 ser-

211 559 348 584 mones
375 549 521 584 diversi
547 550 587 583 in
614 559 690 584 uno
716 543 838 584 latere
865 550 1016 594 sculpti,
1042 555 1085 584 ut
1119 550 1331 593 praecedat
1353 547 1504 593 Latina,

210 605 379 650 excipiat
405 605 569 648 Graeca,
610 606 873 649 subsequatur
898 607 984 641 loco
1015 611 1212 650 postremo
1248 605 1380 650 lingua
1421 607 1504 641 bar-

209 662 347 698 bara1).
400 661 523 696 Vides
567 662 757 696 barbarae
800 662 958 706 linguae
998 671 1152 706 semper
1197 662 1314 697 tribui
1352 662 1505 697 infimas

209 722 353 761 partes,
372 718 536 753 Latinae
559 718 689 752 autem
707 718 864 762 primas,
893 718 1069 753 Graecae
1088 719 1243 764 alteras,
1270 727 1506 763 quamquam

209 774 246 817 ii,
274 774 340 817 qui
365 778 580 817 posuerunt
604 774 747 816 titulos,
787 783 913 817 neque
940 774 1136 808 Romanos
1173 783 1298 818 neque
1330 774 1504 808 Graecos

210 839 298 864 esse
326 835 491 866 constat.
543 829 672 875 Atque
692 830 808 864 etiam
827 829 866 864 in
884 830 1122 874 bilinguibus
1139 829 1260 864 titulis
1277 839 1354 864 non
1379 830 1504 865 solum

213 896 237 920 a
263 880 459 929 Romanis,
497 886 567 920 sed
606 886 722 920 etiam
755 895 779 920 a
806 885 969 922 Graecis
1012 887 1134 931 (velut
1160 885 1252 921 CIL.
1281 885 1336 921 VI
1362 886 1409 921 30
1421 885 1503 921 922.

212 944 260 977 30
269 942 351 981 920.
384 943 431 978 30
440 943 526 987 925)
567 942 809 986 conscriptis,
849 942 915 978 ubi
960 943 1083 978 altera
1119 943 1251 986 lingua
1286 943 1412 987 posita
1446 947 1505 978 est

214 1004 302 1042 post
328 1000 504 1044 alteram,
542 998 682 1033 Latina
708 999 808 1033 solet
834 999 1003 1042 priorem
1030 1000 1156 1033 locum
1195 1004 1340 1035 tenere.
1391 999 1505 1033 Prae-

214 1055 356 1090 cedunt
382 1060 512 1089 autem
539 1054 693 1089 Graeca
719 1054 868 1089 Latinis
895 1056 933 1089 in
959 1055 1083 1090 hisce:

217 1146 393 1181 Titulis
419 1146 525 1190 priv
537 1147 638 1199 asts·

276 1209 566 1254 Sepulcralibus
576 1219 584 1243 :

333 1272 477 1309 Gallia:
504 1272 746 1308 Avennione.
775 1272 868 1308 CIL.
896 1272 968 1306 XII
999 1273 1102 1308 1038.

448 1329 487 1363 in
513 1328 601 1363 vico
628 1328 777 1373 Genay.
807 1327 899 1364 CIL.
927 1321 1017 1363 XIII
1043 1328 1150 1365 2448.

330 1386 536 1430 Hispania:
565 1385 773 1429 Augustae
800 1385 1006 1422 Emeritae.
1035 1385 1126 1420 CIL.
1155 1385 1188 1420 II
1214 1385 1298 1422 562.

331 1442 459 1476 Italia:
487 1442 646 1479 Romae.
674 1441 770 1477 CIL.
797 1441 853 1475 VI
884 1441 987 1476 1342.
1020 1442 1153 1477 10971.
1185 1442 1325 1477 29577.
1364 1441 1503 1477 32264.

391 1497 597 1532 Brundisii.
626 1497 719 1534 CIL.
747 1497 802 1532 IX
829 1497 886 1532 48.

391 1554 610 1590 Mediolani.
637 1554 731 1590 CIL.
759 1554 796 1589 V
823 1555 931 1590 6195.

389 1610 519 1647 Polae.
547 1609 641 1646 CIL.
669 1609 707 1644 V
737 1610 817 1647 168.

333 1666 547 1701 Dalmatia:
576 1666 741 1703 Salonis.
769 1666 863 1703 CIL.
891 1666 942 1701 III
968 1666 1075 1702 9534.

332 1723 480 1757 Moesia
505 1722 632 1759 insen:
660 1722 906 1758 Adamclissi.
936 1722 1029 1758 CIL.
1056 1721 1107 1756 111
1138 1721 1304 1759 1421418.

331 1782 498 1817 Achaia:
526 1781 702 1818 Athenis,
731 1782 822 1819 CIL.
850 1782 899 1817 III
927 1781 1034 1818 7296.
1062 1786 1276 1825 suspectus.

330 1838 473 1882 Lydia:
501 1837 702 1881 Smyrnae.
731 1838 821 1874 CIL.
850 1839 899 1872 III
926 1838 1009 1873 415.
1037 1838 1119 1873 417.

332 1894 516 1938 Bithynia
542 1898 581 1928 et
598 1893 764 1929 Pontus:
793 1893 973 1930 Nicaeae..
1001 1894 1093 1930 CIL.
1112 1895 1160 1929 III
1184 1893 1316 1931 12224.
1344 1904 1367 1929 a
1385 1894 1503 1929 milite

215 1951 430 1995 legionario
457 1960 539 1993 pos.
900 1968 905 1970 ·

449 2016 570 2050 prope
608 2006 883 2042 Nicomediam.
936 2007 1025 2044 CIL.
1053 2008 1102 2042 III
1132 2007 1268 2043 14188.

331 2063 463 2108 Syria:
491 2062 644 2099 Sidone.
672 2063 763 2100 CIL.
790 2065 839 2098 III
867 2063 974 2099 6667.

272 2120 419 2156 Sacris:

330 2176 514 2211 Thracia:
542 2185 662 2218 prope
689 2175 898 2211 Abderam.
927 2176 1017 2212 CIL.
1037 2177 1085 2210 111
1108 2175 1214 2212 7378.
1242 2175 1361 2210 Heroi
1387 2176 1502 2210 Aulo-

212 2231 316 2267 nitae
343 2232 524 2268 cultores.

334 2356 360 2392 1)
382 2356 497 2384 Titulus
519 2355 645 2383 Cornelii
668 2356 744 2382 Galli
767 2364 818 2383 cur
840 2355 1026 2392 excipiendus
1049 2356 1094 2392 sit,
1116 2356 1190 2383 infra
1211 2349 1372 2392 explicabO.
