1655 2789
740 234 932 264 ...51—

194 335 350 379 περάρας
388 333 453 370 τὸν
478 333 698 376 καταράκτην
728 331 861 376 ἀβάτου
900 329 1096 376 στρατια[ῑς
1135 333 1197 374 τῆς
1236 330 1368 377 χώρ]ας
1408 331 1477 375 πρὸ

311 390 420 425 αὑτοῦ
446 389 638 431 γενομένης
665 388 721 426 καὶ
746 386 940 429 σύμπασαν
965 386 1044 431 τὴ[ν

194 446 353 491 Θηβαίδα
378 446 423 489 μὴ
451 445 691 486 ὑποταγεῖσαν
716 445 793 486 τοῖς
821 444 1027 487 βασιλεῦσιν
1054 442 1257 490 [ὑποτάξ]ας
1288 443 1477 487 δεξάμενός

311 514 349 538 τε
374 502 540 545 πρέσβεις
566 500 744 536 Αἰθιόπων
769 500 808 535 ἐν
834 500 890 535 Φί-

196 562 273 601 λαις
292 559 348 593 καὶ
366 557 554 600 προξενίαν
578 555 674 599 παρὰ
699 557 763 591 τοῦ
792 556 965 599 βασιλέως
992 554 1124 600 λ[αβὼν
1149 555 1336 601 τύ]ραννόν
1354 567 1391 591 τε
1416 558 1479 599 τῆς

313 612 664 657 Τριακοντασχοίνου.
683 610 890 658 τοπαρχία[ς

196 672 276 715 μιᾶς
302 671 342 706 ἐν
356 669 529 704 Αἰθιοπίαι
554 668 780 711 καταστήσας
798 670 894 710 θεοῖς
913 667 1086 713 πατῙρίοις
1106 667 1246 713 Ν]είλωι
1263 669 1480 712 συνλήπτορι

313 725 521 769 χαριστήρια

198 781 315 816 Vides
342 789 576 823 quamquam
603 779 765 813 Graecis
803 779 963 812 eaedem
999 778 1214 813 sententiae
1241 779 1483 813 continentur

197 842 313 880 atque
339 835 498 878 Latinis,
525 840 655 869 tamen
682 835 779 870 duas
805 839 937 878 partes
963 833 1188 878 singillatim
1214 834 1370 869 minime
1396 845 1483 869 con-

199 893 353 937 sentire,
380 896 513 935 utpote
540 901 627 926 cum
646 891 761 925 modo
779 891 931 927 Graeca
956 900 1049 935 pars
1075 890 1114 924 in
1140 890 1298 925 brevius
1324 891 1374 925 sit
1400 901 1484 926 con-

198 954 334 992 tracta,
374 948 439 983 ubi
478 948 627 992 plenior
665 947 714 983 sit
740 946 889 991 Latina,
929 946 1043 983 modo
1069 947 1208 983 Latina
1245 947 1389 992 aliquid
1423 948 1485 983 ad—

198 1007 344 1049 iungat,
372 1005 474 1048 quod
500 1005 539 1039 in
557 1004 719 1039 Graecis
745 1013 996 1048 suppressum
1023 1004 1083 1046 sit,
1110 1009 1153 1038 ut
1170 1004 1204 1039 si
1234 1004 1485 1047 nesciremus,

200 1062 285 1105 quis
303 1062 455 1095 titulum
470 1060 653 1108 posuerit,
680 1060 728 1094 de
755 1060 914 1103 origine,
941 1065 1070 1094 utrum
1088 1059 1227 1094 Latina
1252 1070 1303 1094 an
1321 1059 1485 1104 Graeca,

199 1117 516 1151 faciledubitare
542 1126 756 1159 possemus.
801 1116 930 1159 Atque
948 1116 981 1149 si
1000 1125 1175 1161 quaeras,
1203 1116 1342 1159 quibus
1368 1117 1486 1150 rebus

200 1178 413 1207 commotus
452 1172 589 1206 Gallus
628 1172 702 1206 hoc
740 1172 853 1206 modo
891 1171 1167 1215 interpretatus
1206 1172 1267 1215 sit,
1306 1171 1486 1207 conferas

203 1229 317 1262 velim
345 1237 444 1272 quae
471 1228 571 1262 inter
597 1237 639 1262 se
666 1228 912 1271 dissentiunt;
940 1232 1118 1271 spectant
1136 1233 1202 1262 aut
1220 1228 1270 1262 ad
1287 1227 1485 1262 fictionem

201 1285 410 1319 verborum
437 1289 503 1318 aut
529 1284 579 1318 ad
598 1290 721 1318 artem
748 1284 1015 1330 syntacticam,
1042 1289 1083 1318 ut
1101 1284 1204 1328 quod
1222 1293 1341 1328 supra
1353 1284 1486 1319 Hiero-

202 1351 343 1385 nymus
362 1341 409 1374 de
427 1340 686 1375 transferendi
704 1339 996 1375 difficultatibus
1025 1340 1127 1383 dicit,
1154 1346 1288 1375 nostro
1307 1341 1486 1384 exemplo

201 1398 343 1441 optime
370 1396 640 1431 confirmatum
666 1397 916 1432 inveniamus,
955 1396 1070 1431 Tales
1097 1397 1380 1441 discrepantiae
1406 1407 1486 1431 sae-

201 1454 287 1498 pius
312 1453 351 1488 in
377 1453 496 1489 titulis
523 1453 665 1489 nostris
691 1457 856 1499 exstant,
882 1453 1090 1497 praecipue
1116 1458 1245 1488 autem
1271 1454 1309 1488 in
1335 1453 1394 1502 iis,
1421 1454 1486 1498 qui

202 1512 249 1544 ab
277 1510 496 1544 hominibus
522 1510 634 1543 cultis
660 1509 774 1552 positi
800 1514 905 1552 sunt;
932 1519 1022 1543 nam
1048 1515 1352 1544 consentaneum
1370 1515 1429 1544 est
1447 1510 1486 1544 in

202 1566 262 1599 his
301 1574 454 1610 quoque
493 1566 609 1599 rebus
648 1574 724 1599 non
763 1574 897 1599 omnes
935 1564 1073 1599 eodem
1102 1564 1216 1599 modo
1242 1574 1325 1600 rem
1351 1574 1485 1610 agere;

201 1623 316 1656 homo
344 1622 480 1656 doctus
507 1621 618 1656 aliter
644 1620 829 1656 transfert
854 1626 970 1665 atque
996 1621 1185 1665 indoctus,
1225 1622 1337 1656 aliter
1371 1626 1487 1666 poeta

203 1684 318 1723 atque
345 1680 390 1721 is,
417 1678 482 1722 qui
508 1688 624 1722 prosa
651 1678 824 1713 oratione
851 1678 1069 1721 conscribit,
1107 1679 1172 1723 qui
1197 1679 1350 1723 publice
1376 1679 1486 1714 inter·

203 1739 414 1780 pretantur,
456 1736 676 1769 accuratius
714 1740 753 1769 et
790 1734 915 1777 magis
954 1735 1069 1768 anxie
1096 1737 1295 1779 exemplar
1320 1735 1488 1770 alienum

203 1792 458 1834 insequuntur
484 1795 599 1834 atque
626 1790 702 1826 alii.
745 1789 823 1824 Sed
848 1790 1045 1824 mittamus
1075 1790 1229 1825 interim
1256 1791 1357 1825 hanc
1374 1800 1488 1835 quae·

203 1847 378 1890 stionem,
406 1846 495 1891 quia
520 1846 702 1882 materies
729 1851 788 1881 est
813 1846 987 1890 amplior,
1014 1856 1130 1891 quam
1148 1852 1191 1882 ut
1208 1847 1489 1883 dissertationis

203 1903 346 1938 finibus
373 1904 573 1947 comprimi
599 1904 732 1947 possit,
772 1908 810 1937 et
836 1903 885 1937 ad
911 1903 1100 1938 eiusmodi
1135 1904 1357 1939 discrimina
1383 1914 1488 1940 acce-

204 1959 353 2005 damus,
393 1969 492 2004 quae
519 1969 596 1994 non
622 1959 739 1994 rebus
765 1958 902 2003 allatis,
943 1959 1012 1994 sed
1044 1969 1093 1994 ex
1119 1959 1344 1996 diversitate
1382 1960 1488 2004 iuris,

205 2026 365 2059 morum,
405 2017 499 2051 artis
539 2016 812 2060 epigraphicae
839 2016 1002 2051 duarum
1028 2017 1201 2061 gentium
1240 2018 1401 2061 aliisque
1440 2017 1488 2052 de

205 2073 334 2107 causis
360 2078 449 2107 sunt
476 2073 717 2116 explicanda.
769 2073 898 2116 Atque
924 2072 1073 2107 initium
1102 2072 1291 2108 faciamus
1321 2084 1344 2108 a
1369 2074 1489 2108 titulis

205 2129 418 2163 honorandi
455 2138 575 2164 causa
615 2129 751 2174 positis
794 2129 877 2164 sive
907 2129 1010 2164 vivis
1053 2129 1137 2164 sive
1180 2129 1382 2166 defunctis.
1447 2129 1490 2164 In

207 2187 346 2230 quibus
373 2186 528 2230 saepius
555 2186 731 2220 videmus
770 2186 809 2220 in
836 2186 988 2220 Graeca
1013 2191 1122 2230 parte
1148 2196 1288 2221 nomen
1313 2187 1490 2222 honorati

206 2243 430 2277 accusativo
463 2242 664 2284 enuntiari,
704 2252 792 2277 cum
827 2243 866 2276 in
891 2242 1030 2277 Latina
1065 2243 1220 2277 dativus
1246 2243 1488 2288 respondeat.

207 2297 257 2333 Ut
284 2300 503 2343 exemplum
529 2298 703 2345 afferam,
730 2299 865 2334 Liviae
891 2304 980 2342 post
1005 2304 1167 2334 mortem
1183 2299 1353 2345 Augusti
1371 2300 1489 2336 Iuliae

206 2354 332 2389 dictae
369 2355 517 2390 incolae
545 2355 787 2399 Cyrenarum
823 2355 923 2390 inter
958 2365 992 2389 a.
1024 2355 1165 2390 14-29
1198 2366 1235 2400 p.
1262 2356 1352 2393 Chr.
1389 2357 1491 2391 hunc

206 2409 357 2446 titulum
383 2416 595 2456 posuerunt
622 2411 715 2448 CIL.
742 2411 793 2447 III
818 2411 856 2447 8:
