1655 2789
756 189 949 219 „44-

206 287 384 329 exempla
421 287 486 330 qui
514 286 810 330 comparaverit,
848 292 1060 331 cognoscet
1096 287 1253 321 modum
1279 297 1350 331 per
1375 292 1496 321 trans·

204 342 388 377 lationem
415 352 644 387 expressum
663 342 970 379 recentissimum
990 353 1090 390 esse,
1116 343 1264 379 scilicet
1281 343 1397 378 medii
1416 343 1497 378 fere

205 398 267 435 III.
295 399 440 434 saeculi
476 409 513 443 p.
540 399 643 443 Chr.,
683 409 771 434 cum
808 401 1027 444 exemplum
1063 410 1133 444 per
1169 400 1497 444 comparationem

205 454 398 490 redditum
437 455 464 492 Ι.
499 456 563 490 vel
590 455 635 492 11.
662 466 766 492 saec,
802 465 838 500 p.
867 456 957 493 Chr.
997 456 1058 492 sit.
1109 456 1341 500 Plerumque
1368 460 1498 490 autem

205 516 340 547 nostra
364 510 532 546 formula
561 521 640 546 non
669 512 743 547 nisi
773 512 897 547 altera
926 513 1059 556 lingua
1083 521 1270 555 expressa
1289 516 1360 554 est,
1387 512 1497 546 cuius

205 567 309 601 modi
346 567 525 610 exempla
558 567 737 602 videmus
763 567 901 611 partim
929 568 1065 602 eodem
1100 566 1183 601 fere
1222 572 1397 611 tempore
1434 576 1496 600 ex·

206 627 322 667 stare,
350 633 426 668 quo
440 633 510 668 per
524 623 849 667 substitutionem,
876 626 1013 669 partim
1034 633 1109 669 quo
1123 633 1191 668 per
1204 623 1497 659 translationem

206 689 405 723 expressa.
458 680 568 723 Quae
596 690 684 715 cum
710 681 763 715 ita
789 680 877 723 sint,
917 685 1066 715 certum
1093 690 1186 715 esse·
1206 680 1318 714 nobis
1343 679 1497 714 videtur

205 736 244 770 in
270 736 368 771 IGR.
390 736 440 770 ΙΙΙ
463 736 567 779 1079,
595 737 704 771 cuius
719 736 880 771 Latinae
907 737 1008 781 parti
1025 736 1190 771 formula
1208 736 1309 770 inest
1333 737 1495 780 vo(tum)

205 792 356 838 l(ibens)
382 792 545 838 a(m‘mo)
571 789 729 839 s(olvit),
764 793 803 827 in
829 793 1078 828 restituendis
1104 792 1266 828 Graecis
1291 792 1496 827 formulam

206 849 463 893 supplendam
491 859 579 884 esse
604 850 762 885 nullam.

324 904 406 940 Iam
431 910 473 940 ut
500 905 549 940 ad
575 905 782 940 formulam
808 906 870 940 hic
895 907 998 941 situs
1016 909 1072 941 est
1097 912 1353 947 transeamus,
1379 905 1418 939 in
1436 905 1497 939 his

206 970 360 1005 quoque
385 962 507 997 titulis
532 962 814 1005 perlustrandis
841 963 1018 997 videmus
1045 962 1353 1007 antiquissimum
1372 970 1497 995 exem-

205 1019 312 1062 plum
339 1017 433 1054 CIL.
459 1018 532 1052 XII
563 1018 655 1053 1038
692 1029 762 1062 per
797 1019 1111 1054 substitutionem
1142 1027 1371 1063 expressum
1397 1027 1496 1059 esse,

204 1075 355 1119 reliqua
381 1079 419 1109 et
445 1075 606 1109 secundi
632 1080 669 1110 et
696 1076 799 1110 tertii
825 1076 928 1110 modi
955 1085 1043 1110 esse
1069 1076 1315 1120 posteriores,
1367 1074 1496 1117 Quare

205 1130 299 1167 CIL.
326 1131 378 1166 III
404 1132 512 1176 6731,
540 1132 650 1166 cuius
676 1136 845 1166 aetatem
873 1131 1030 1166 difficile
1057 1137 1116 1167 est
1143 1131 1312 1172 definire,
1339 1135 1498 1174 propter

204 1186 411 1221 formulam
449 1196 519 1230 per
558 1187 871 1222 substitutionem
898 1188 1088 1222 redditam
1124 1198 1201 1222 non
1240 1197 1327 1222 esse
1355 1196 1496 1221 censeo

205 1243 293 1277 aevi
318 1243 555 1287 posterioris,
588 1244 659 1278 sed
685 1254 761 1278 non
787 1245 908 1278 multo
934 1249 1022 1287 post
1049 1244 1154 1278 illum
1181 1243 1274 1279 CIL.
1302 1242 1374 1277 XII
1404 1242 1496 1276 1038

204 1298 373 1343 positum
400 1304 449 1341 et,
494 1308 582 1333 cum
609 1304 768 1343 propter
792 1299 960 1334 libertini
987 1299 1025 1333 in
1052 1299 1215 1334 Graecis
1242 1298 1495 1333 adiectionem

204 1356 349 1390 liberae
376 1356 432 1390 rei
458 1356 563 1400 publ.
590 1357 775 1401 temporis
801 1367 879 1391 non
905 1356 1003 1402 sit1),
1040 1356 1164 1401 primo
1201 1365 1300 1391 aevo
1336 1355 1496 1400 impera-

204 1412 303 1447 torio
330 1412 588 1449 tribuendum.

323 1468 421 1503 Cum
436 1469 475 1502 in
488 1468 665 1504 formulis
682 1472 814 1504 votum
828 1470 946 1504 solvit
977 1474 1015 1504 et
1032 1469 1094 1503 hic
1110 1469 1214 1504 situs
1232 1471 1288 1503 est
1318 1469 1496 1512 exempla

204 1534 273 1569 per
300 1524 614 1560 substitutionem
634 1535 821 1569 expressa
839 1536 994 1570 semper
1012 1526 1136 1560 bonae
1151 1524 1290 1560 aetatis
1308 1524 1385 1559 sint
1402 1534 1496 1568 prae

204 1581 364 1625 reliquis
390 1581 527 1623 modis,
555 1582 594 1616 in
621 1582 687 1624 eis,
727 1592 827 1626 quae
854 1582 930 1616 Dis
956 1582 1139 1616 Manibus
1165 1586 1254 1616 sunt
1281 1590 1404 1623 sacra,
1432 1581 1496 1614 ali-

205 1642 264 1671 ter
290 1646 373 1671 rem
400 1646 442 1671 se
469 1637 615 1671 habere
642 1638 830 1674 videmus.
882 1638 1098 1672 Titulorum
1135 1637 1236 1671 enim
1272 1635 1432 1671 secundi
1458 1641 1496 1670 et

204 1694 308 1729 tertii
332 1694 437 1728 modi
463 1704 552 1729 cum
569 1694 646 1729 iam
665 1694 690 1731 1.
711 1700 749 1729 et
766 1695 909 1732 ineunt.
929 1694 974 1731 11.
993 1704 1095 1730 saec.
1114 1704 1151 1738 p.
1166 1693 1255 1729 Chr.
1282 1694 1495 1728 habeamus

205 1751 396 1794 exempla,
433 1751 594 1785 rationis
631 1760 701 1794 per
737 1752 1050 1786 substitutionem
1088 1759 1297 1794 expressae
1324 1749 1417 1785 CIL.
1445 1749 1496 1784 III

205 1807 300 1842 6667
329 1806 420 1841 anni
447 1811 507 1842 est
539 1807 607 1842 180
644 1817 679 1852 p.
708 1806 797 1844 Chr.
849 1807 927 1843 Sed
953 1806 1096 1852 nescio,
1130 1816 1222 1842 num
1249 1807 1294 1852 is,
1321 1806 1386 1850 qui
1411 1806 1495 1841 titu-

204 1865 284 1897 lum
309 1863 495 1907 posuerit,
531 1863 739 1898 formulam
764 1868 864 1908 χαῖρε
891 1864 1125 1898 substituere
1151 1864 1319 1898 voluerit
1345 1864 1395 1899 D.
1422 1863 1495 1906 M.;

204 1928 294 1953 nam
320 1919 455 1954 titulus
482 1919 658 1954 Graecus
694 1920 807 1963 plane
844 1920 956 1954 aliter
993 1919 1255 1954 conformatus
1292 1923 1352 1954 est
1379 1924 1495 1963 atque

204 1975 384 2022 Latinus;
411 1976 554 2020 legitur
581 1975 682 2011 enim
709 1975 780 2011 sic:

720 2055 757 2088 in
785 2055 982 2091 columna:

728 2113 859 2155 Ἔτους
886 2110 968 2155 eqo‘

689 2170 799 2212 μηνὸς
825 2169 937 2212 Ὑπερ
964 2169 1014 2211 κς’

765 2224 936 2260 Ἀντωνία

762 2280 946 2324 Μαμετῖνα

327 2387 353 2421 ι)
375 2386 411 2414 ef.
434 2386 507 2413 infra
527 2387 557 2413 in
577 2395 638 2422 cap.
651 2387 707 2414 111.
