1655 2789
765 167 959 197 -68-

214 263 420 307 Graecum,
456 269 577 309 negat
603 275 626 299 a
652 264 860 309 municipio
887 274 974 300 esse
1001 264 1180 309 positum.
1232 265 1273 300 Si
1300 270 1430 301 autem
1455 266 1507 301 in-

213 321 372 366 scriptio
399 331 477 356 non
504 327 564 358 est
590 321 746 366 publica
772 322 1026 367 municipalis,
1054 327 1187 372 restat,
1215 328 1256 358 ut
1274 333 1323 357 ex
1349 322 1507 358 officina

215 378 398 421 prodierit
425 378 611 415 Romana.
663 379 741 414 Sed
779 379 854 414 hoc
885 379 999 413 modo
1039 389 1082 414 se
1121 384 1257 414 contra
1296 389 1340 414 se
1379 380 1505 424 ipsum

213 444 388 478 pugnare
416 434 475 468 vir
502 434 638 469 doctus
664 445 743 469 non
769 436 902 480 sentit3
930 445 1019 470 nam
1039 435 1072 469 si
1098 435 1351 480 magistratus
1369 435 1506 470 Roma-

212 500 286 525 nus
312 490 351 525 in
369 495 502 527 nostro
520 491 632 526 titulo
651 490 827 526 Graecae
845 491 946 536 parti
964 491 1164 527 tribuisset
1181 492 1308 526 locum
1326 492 1505 541 priorem,
1536 494 1538 496 ’

212 547 286 582 hoc
305 552 418 582 esset
445 547 719 583 documentum
744 548 942 592 publicum
960 557 1179 583 sermonem
1196 548 1359 592 Neapoli
1385 548 1505 588 fuisse

212 603 418 640 Graecum.
470 604 591 638 Recte
617 604 735 648 igitur
764 604 981 639 Mommsen
1016 604 1212 639 insolitum
1239 604 1413 640 ordinem
1438 605 1506 639 lin-

212 669 378 704 guarum
414 660 454 695 in
492 670 603 695 suam
639 661 873 696 sententiam
910 661 1102 696 convertit
1139 661 1253 695 etiam
1280 661 1505 695 Flaviorum

211 721 340 752 aetate
366 716 428 751 hic
454 727 673 752 sermonem
700 717 896 760 publicum
923 717 1043 753 fuisse
1063 717 1268 760 Graecum,
1297 718 1345 752 de
1370 722 1504 752 nostro

210 772 321 807 titulo
349 782 437 807 cum
463 773 555 808 dicit
582 772 675 809 CIL.
702 773 740 807 X
765 783 802 817 p,
834 774 918 808 171:
944 775 1091 808 ‘exstat
1117 773 1250 808 titulus
1276 784 1313 809 n.
1336 774 1425 809 1481
1455 774 1504 808 ab

211 829 444 873 imperatore
464 829 550 864 Tito
577 830 727 874 positus
746 829 909 874 Neapoli
928 829 1079 865 Graece
1106 835 1144 865 et
1162 830 1299 865 Latine
1325 829 1503 875 scriptus,

211 885 282 920 sed
307 890 347 920 ut
368 885 521 920 Graeca
546 886 715 930 priorem
741 887 870 920 locum
895 888 1082 923 teneant.’
1118 886 1195 921 Sed
1212 896 1261 921 ne
1275 886 1504 921 Mommseni

211 942 367 986 quidem
406 942 588 977 iudicium
625 952 785 987 possum
824 942 1015 987 amplecti.
1072 943 1207 987 Neque
1246 942 1348 977 enim
1384 943 1503 977 ullum

210 1003 388 1034 tenemus
415 998 635 1042 exemplum
661 999 700 1033 in
726 999 892 1043 publicis
918 999 1038 1034 titulis
1057 999 1293 1044 bilinguibus
1306 998 1504 1034 Romanos

210 1054 404 1089 Graecam
440 1060 590 1098 partem
626 1055 902 1099 praeposuisse
928 1056 1102 1092 Latinae.
1155 1056 1284 1099 Quare
1324 1056 1503 1100 equidem

210 1110 363 1144 affirmo
390 1111 543 1144 titulum
570 1121 647 1145 non
675 1120 763 1145 esse
790 1111 951 1155 originis
977 1110 1152 1153 Latinae,
1180 1111 1249 1145 sed
1276 1111 1454 1145 Graecae
1464 1113 1502 1157 ¹).

210 1166 363 1202 Titulus
400 1172 460 1202 est
495 1166 674 1211 publicus
700 1167 943 1211 municipalis
981 1167 1204 1212 imperatori
1230 1167 1317 1202 Tito
1354 1167 1502 1212 gratias

209 1223 352 1266 agendi
391 1233 510 1257 causa
536 1223 686 1266 positus
713 1225 761 1257 ab
789 1224 874 1267 ipso
901 1224 1108 1267 municipio
1135 1229 1252 1267 atque
1279 1234 1502 1267 comparan-

210 1278 283 1313 dus
310 1288 398 1313 cum
425 1278 490 1313 illo
518 1278 611 1315 CIL.
627 1278 829 1324 V130928,
857 1279 922 1324 qui
949 1278 1031 1314 Iovi
1046 1278 1263 1324 Capitolino
1290 1284 1329 1315 et
1354 1279 1501 1315 Romae

209 1346 231 1370 a
259 1336 412 1370 Graeca
438 1337 595 1371 civitate
623 1337 785 1380 dicatur,
812 1337 864 1371 ita
892 1342 934 1371 ut
960 1336 1113 1371 Graeca
1139 1337 1375 1380 praecedant
1402 1337 1502 1371 Lati-

208 1391 279 1427 nis.
334 1391 445 1425 Hanc
472 1396 644 1425 nostram
671 1392 904 1426 sententiam
930 1391 1047 1426 etiam
1073 1392 1177 1426 aliud
1204 1391 1419 1432 confirmat.
1457 1391 1498 1426 Si

208 1447 342 1481 titulus
356 1457 379 1481 a
394 1447 578 1482 Romanis
592 1448 746 1491 publice
762 1453 866 1483 esset
886 1449 1141 1491 conscriptus,
1168 1448 1500 1483 denominationes

209 1513 244 1538 V.
272 1504 295 1537 5
322 1503 374 1549 [ἐν
400 1504 486 1539 Νέαι
511 1504 613 1539 πόλει
644 1505 885 1550 δημαρχήσας,
912 1504 1201 1550 ἀγων]οθετήσας
1227 1505 1268 1540 τὸ
1294 1502 1335 1546 γ’,
1373 1516 1501 1548 γυμνα-

208 1561 407 1605 σιαρχήσας
460 1566 565 1595 certe
609 1566 776 1605 careret;
828 1570 918 1595 nam
963 1561 1145 1596 abhorret
1188 1571 1210 1595 a
1255 1560 1363 1596 titulo
1406 1570 1500 1601 vere

206 1617 361 1659 publico
405 1617 580 1650 Romano
630 1617 983 1659 praedicationibus
1027 1618 1301 1660 imperatorum
1345 1619 1495 1651 sollem-

209 1672 322 1706 nibus
367 1672 578 1715 peculiaria
621 1673 775 1706 nomina
819 1672 971 1716 privata
1015 1682 1148 1706 eorum
1188 1672 1347 1716 iniungi.
1417 1673 1500 1707 Hoc

209 1734 338 1763 autem
366 1729 671 1763 additamentum
698 1729 854 1763 minime
882 1728 1055 1773 offendit,
1082 1730 1114 1763 si
1141 1729 1320 1772 ponimus
1346 1730 1500 1764 titulum

207 1794 295 1818 esse
323 1795 345 1818 a
373 1785 579 1828 municipio
608 1785 763 1818 factum.
816 1784 1018 1828 Inscriptio
1045 1785 1180 1819 similis
1207 1790 1267 1819 est
1294 1785 1360 1829 eis,
1401 1783 1499 1829 quas

206 1840 243 1875 in
264 1850 348 1884 cap,
363 1840 413 1874 III
440 1840 706 1884 tractavimus,
735 1841 919 1885 operibus
937 1841 1111 1884 publicis,
1139 1842 1364 1885 plerumque
1384 1842 1498 1876 milia-

207 1897 284 1936 riis,
325 1907 423 1930 aevo
463 1896 710 1939 imperatorio
749 1897 894 1938 incisis,
935 1906 1031 1939 quas
1070 1902 1228 1940 propter
1257 1896 1498 1932 differentias

206 1946 305 1986 inter
332 1951 486 1986 Graeca
513 1957 550 1986 et
580 1951 716 1986 Latina
743 1952 1029 1986 intercedentes
1056 1952 1110 1988 ita
1136 1952 1429 1996 explicavimus,
1456 1958 1498 1987 ut

206 2007 359 2042 Graeca
399 2013 504 2042 certc
546 2017 594 2042 ex
634 2007 792 2043 officina
827 2008 1039 2052 prodierint
1065 2008 1230 2051 Graeca,
1271 2008 1409 2043 Latina
1448 2009 1496 2043 ad

208 2065 408 2106 exemplar
435 2065 596 2097 redeant
623 2065 809 2098 sollemne
836 2063 1017 2098 officinae
1045 2064 1254 2102 Romanae.
1282 2065 1497 2108 Inscriptio-

204 2129 275 2153 nes
290 2118 465 2162 privatae
481 2128 715 2163 quamquam
731 2120 958 2164 plerumque
971 2120 1136 2154 eundem
1161 2120 1335 2154 ordinem
1362 2123 1494 2155 tenent

205 2180 322 2219 atque
337 2175 491 2219 publice
505 2175 656 2219 positae
672 2175 865 2210 interdum
884 2186 971 2210 cum
998 2177 1071 2211 hac
1097 2186 1234 2211 norma
1251 2176 1495 2213 dissentiunt.

325 2309 351 2339 1)
373 2308 444 2334 Item
466 2308 566 2334 nescio
589 2316 647 2343 qua
668 2308 704 2334 de
727 2317 812 2334 causa
833 2308 869 2334 de
892 2307 977 2334 titulo
999 2313 1098 2334 nostro
1119 2308 1253 2334 iudicavit
1282 2309 1305 2336 I.
1317 2309 1354 2336 N.
1367 2309 1493 2343 Madvig,

204 2355 260 2381 Die
276 2356 453 2390 Ver÷assung
476 2355 533 2382 und
549 2355 735 2390 Verwaltung
750 2356 802 2382 des
819 2355 1021 2392 r6111.Staates‚
1045 2356 1157 2392 Lipsiae
1178 2355 1243 2382 1881
1271 2357 1283 2382 Ι
1306 2366 1333 2392 p.
1346 2362 1380 2391 57
1397 2357 1494 2385 adnot.
